3164 5132
661 266 882 325 ..30-

292 437 328 503 Π
353 445 403 521 26,
429 444 468 502 41
496 437 678 502 ίΠ14111414
701 444 838 502 tantum
861 458 930 501 non
953 459 1105 521 unquam
1128 436 1218 503 desit
1236 436 1367 522 ocellis,

292 543 462 609 Incendat
483 567 605 609 navem
620 543 783 632 Juppitcr
806 544 878 631 ipse
892 543 996 608 licet’.
1020 542 1089 608 Ofr.
1106 544 1166 609 Ov.
1183 545 1278 610 Rem.
1297 553 1365 612 390

293 651 415 717 ‘Maius
439 651 512 734 erit,
535 657 671 716 tantum
695 672 761 736 quo
784 650 871 738 pede
895 650 1016 737 coepit,
1039 651 1115 716 eat'.

277 765 303 823 7.
349 758 469 842 Neque
506 758 600 822 illam
636 757 881 845 proprietatem
914 758 1094 842 quisquam
1117 757 1366 824 animadvertit

186 887 296 949 neque
320 863 421 929 huius
445 864 618 930 enuntiati
640 864 707 948 19,
733 871 773 931 29

293 971 375 1049 ‘Qui
396 994 468 1036 non
491 978 571 1036 ante
593 977 697 1059 patet,
722 970 828 1036 donec
851 993 970 1036 manus
994 971 1113 1056 attigit
1135 972 1230 1037 ossa’

185 1079 206 1144 1.
224 1102 250 1144 e.
273 1100 346 1143 non
369 1085 448 1143 ante
473 1116 512 1126 —
537 1078 620 1143 dum
642 1100 706 1143 nec
729 1078 784 1163 (=
801 1081 892 1161 non).
921 1077 1112 1142 Particulas
1136 1077 1278 1163 ‘usquc’,
1295 1082 1365 1144 ‘us-

186 1208 253 1272 que
276 1185 360 1250 adeo
384 1185 453 1268 (vel
476 1185 541 1269 eo)'
565 1184 643 1250 voci
666 1184 800 1249 ‘donec’
825 1183 981 1250 similiter
1009 1183 1053 1253 ad
1075 1184 1267 1270 augendam
1289 1207 1365 1250 ora·

187 1293 317 1358 tionem
339 1291 538 1379 praemissas
561 1290 720 1356 Handius
744 1291 781 1355 11
803 1315 834 1379 p.
861 1299 924 1356 294
949 1289 1016 1356 1414
1039 1291 1166 1356 attulit.

277 1405 305 1464 8.
328 1399 431 1463 Illum
453 1421 560 1482 usum,
584 1421 651 1482 quo
674 1398 796 1465 vocula
820 1397 926 1462 ‘dum'
955 1398 1141 1463 terminum
1164 1396 1364 1484 significum

187 1528 265 1570 oum
279 1503 397 1570 futuro
413 1511 566 1592 tempore
582 1504 739 1594 copulata
755 1512 806 1570 est
822 1506 933 1591 (Prop.
950 1505 968 1568 Ι
985 1510 1034 1588 14,
1053 1507 1116 1588 14),
1132 1505 1198 1570 4114
1209 1505 1364 1592 exemplo

185 1613 321 1677 firmare
348 1633 419 1677 non
445 1634 589 1698 possum.
629 1611 698 1676 Sed
725 1610 786 1677 ubi
813 1611 982 1698 particula
1005 1633 1082 1674 cum
1104 1611 1290 1700 praeterito
1313 1611 1365 1675 ita

187 1718 370 1784 coniuncta
397 1725 461 1801 est,
485 1724 537 1800 ut,
562 1717 674 1802 quoad
702 1719 809 1783 altera
832 1717 921 1782 actio
945 1724 1152 1805 permaneat,
1176 1718 1284 1783 414414
1308 1741 1362 1782 144

186 1825 248 1889 fiat
263 1825 320 1890 vel
335 1823 476 1907 accidat,
492 1823 664 1888 tah'smodi
680 1823 811 1890 duobus
828 1824 989 1911 exemplis
1006 1847 1025 1889 4
1040 1824 1213 1910 Draegero
1224 1825 1274 1908 (Π
1285 1828 1362 1909 607)

187 1931 368 2018 adscriptis
392 1929 517 1995 addere
539 1930 635 1996 licet:
659 1931 762 2017 Verg.
786 1930 872 1996 Aen.
896 1931 933 1995 H
956 1937 997 1995 88

297 2037 401 2102 ‘Dum
416 2037 537 2102 'stabat
558 2061 665 2124 regno
689 2037 868 2103 incolumis
891 2059 1079 2122 regumque
1102 2037 1243 2123 vigebat

294 2144 463 2229 0411411114,
480 2153 515 2210 44
530 2168 592 2211 1144
607 2167 834 2229 ..nomenque
844 2144 1013 2229 decusque
1023 2143 1205 2210 Gessimus.
1228 2146 1363 2211 V1661.

188 2252 239 2317 VI
264 2259 336 2318 eoa.
383 2253 482 2340 Prop.
506 2253 558 2318 IV
582 2258 632 2336 10,
657 2259 698 2316 aa

295 2358 467 2443 ‘Dumque
490 2358 576 2424 41144
599 2381 735 2422 41414111
758 2408 788 2421 ..
812 2344 969 2444 pulsabat
1097 2358 1219 2423 Cossus
1243 2359 1314 2424 ait'.

278 2472 307 2530 9.
330 2464 384 2529 De
398 2465 594 2552 pleonasmo
611 2464 770 2551 ‘prius-
782 2465 1040 2548 quam—ante’
1058 2465 1169 2551 (Prop.
1186 2464 1223 2528 Π
1239 2473 1290 2548 25,
1309 2471 1364 2548 25)

188 2570 322 2636 monuit
349 2570 508 2635 Handius
535 2570 553 2634 1
583 2577 656 2636 396.
703 2568 990 2636 Coniunctionem
1014 2571 1219 2658 ‘postquam’
1243 2578 1364 2658 poetae

189 2699 267 2741 cum
289 2675 622 2764 plusquamperfecto
647 2677 839 2765 copulatam
863 2678 955 2742 haud
979 2677 1028 2742 144
1047 2676 1364 2763 frequentaverunt.

188 2783 468 2871 Prop.1V9‚ea
506 2783 619 2871 Lygd.
637 2792 665 2868 4,
683 2790 733 2848 41.
773 2784 1050 2850 Ov.Her.X46.
1090 2784 1363 2850 Meavfflars.

191 2891 291 2956 'Prist
315 2891 366 2956 IV
390 2901 418 2975 4,
445 2899 494 2957 70.
540 2891 642 2978 Verg.
666 2891 752 2957 Aen.
776 2893 831 2956 XI
855 2900 906 2958 94.

233 2999 235 3002 ’
280 3004 329 3063 10.
374 2997 570 3064 Relativam
607 2999 803 3087 temporalis
841 2999 1029 3086 particulae
1063 2996 1363 3083 ‘quandocunque'

188 3111 393 3192 potestatem
414 3105 524 3170 lexica
546 3127 615 3170 uno
638 3105 720 3171 Hor.
743 3104 853 3192 Epist.
877 3105 895 3169 I
920 3111 974 3189 14,
1000 3113 1038 3171 17
1063 3106 1137 3171 1444
1154 3104 1364 3170 confirmant.

190 3212 289 3299 Prop.
313 3212 349 3276 Π
374 3217 401 3295 1,
427 3219 466 3276 71
493 3212 787 3296 ‘Quandocunque
810 3211 919 3297 igitur
942 3212 1050 3277 vitam
1072 3233 1148 3276 mea
1165 3209 1238 3276 fata
1252 3233 1365 3299 repos-

191 3324 279 3402 44114,
306 3319 483 3383 Μ4444444
512 3369 542 3382 ..
565 3319 695 3384 11444114
723 3369 753 3382 ..
781 3319 883 3383 41444.’
919 3325 969 3402 17,
995 3323 1034 3383 17
1070 3317 1365 3402 ‘Quandocumque

190 3423 308 3514 igitur
322 3431 456 3490 nostros
479 3447 569 3490 mors
592 3425 728 3490 claudet
752 3425 883 3509 ocellos,
907 3424 1058 3512 Accipe’.
1097 3423 1170 3490 rib.
1186 3424 1237 3490 IV
1255 3430 1283 3508 1,
1301 3430 1364 3488 210

190 3530 486 3616 ,Quandoounque
517 3531 690 3596 hominem
712 3553 765 3596 me
788 3532 894 3617 longa
915 3530 1083 3619 receperit
1105 3539 1197 3597 44444
1221 3582 1228 3594 .
1254 3581 1261 3595 .
1286 3529 1365 3596 sub·

190 3637 326 3703 texam’.

282 3751 331 3810 11.
355 3743 483 3809 Tibulli
499 3766 576 3808 curn
591 3743 767 3832 proprium
783 3751 871 3810 44444
886 3744 1139 3832 semperdlcere
1150 3749 1179 3810 ‘o
1190 3743 1365 3829 quotiens’,
1382 3805 1385 3810 .

190 3851 388 3939 Propertius
413 3857 447 3916 44
470 3849 613 3916 Ovidius
637 3856 671 3916 ‘a
692 3850 864 3936 quotiens’
888 3855 972 3916 4414
989 3851 1365 3939 quotiens’promiscue

190 3957 297 4022 144441
320 3964 410 4022 sunt.

282 4069 332 4129 12.
370 4064 470 4128 111441
493 4063 631 4128 dicendi
645 4061 946 4148 consuetudinem,
970 4086 1037 4148 qua
1060 4065 1255 4130 coniunctio
1279 4063 1365 4130 ‘ubi'

191 4193 269 4236 cum
299 4169 417 4236 futuro
450 4178 602 4259 tempore
629 4171 679 4236 ita
701 4170 861 4258 copulata
882 4177 1035 4258 apparet,
1058 4178 1099 4236 ut
1121 4171 1260 4238 alterius
1284 4193 1366 4256 quo-

192 4301 259 4364 que
282 4278 472 4343 sententiae
496 4276 637 4344 verbum
660 4277 751 4341 idem
774 4284 908 4364 tempus
924 4277 1056 4362 habeat,
1076 4277 1144 4344 nisi
1160 4279 1367 4345 comicorum
