3164 5132
707 337 930 396 „43-

321 509 410 574 Nam
431 507 469 601 in
491 515 637 594 utroque
660 508 839 574 enuntiato
859 507 990 572 animus
1007 517 1239 576 commovetur
1261 510 1405 592 nomine,

230 622 369 681 tantum
391 614 484 701 quod
506 616 543 681 in
566 615 672 681 altero
696 614 850 702 exemplo
873 614 956 679 haec
979 614 1132 681 conditio
1155 611 1340 704 permanet.

321 723 377 790 Pr.
399 720 447 790 III
472 728 500 805 8,
526 727 566 787 28
591 721 740 809 ‘Semper
763 721 800 785 in
823 720 910 786 irata
932 720 1080 808 pallidus
1104 745 1174 787 esse
1197 722 1314 788 velim’
1339 723 1360 788 1.
1377 745 1405 788 0.

234 852 293 913 an,
321 827 390 911 bei,
418 851 546 915 wegen.
592 829 654 895 Ov.
676 827 752 894 Am.
776 827 823 894 111
848 836 875 912 6,
900 835 950 893 25.
996 827 1128 906 111,6
1162 829 1231 895 ‘Me
1253 830 1347 916 legat
1368 829 1406 894 in

231 935 348 1024 sponsi
375 933 463 1000 facie
485 958 555 1001 non
581 934 710 1022 frigida
732 935 855 1022 virgo'.
900 934 931 1001 Π
957 942 983 1019 7,
1009 944 1027 1001 9
1057 935 1165 1001 ‘inte
1188 933 1406 1021 quoquesri·

232 1041 335 1130 gidus
359 1043 451 1107 esse’.
484 1043 538 1107 Pr.
554 1042 573 1106 I
590 1047 675 1126 la?
701 1041 874 1107 ‘Perditus
893 1042 931 1106 in
947 1041 1116 1127 quadam'.
1151 1050 1180 1127 9,
1197 1050 1239 1108 34
1263 1029 1413 1126 ‘Dicere'

232 1172 301 1235 quo
323 1171 442 1237 pereas
464 1170 563 1236 saepe
586 1149 623 1215 in
646 1171 758 1214 amore
780 1149 895 1215 levat'.
928 1146 989 1212 ubi
1003 1147 1162 1213 Muelleri
1184 1149 1277 1233 ‘qua'
1294 1171 1406 1215 emen-

232 1256 328 1322 datio
351 1278 392 1322 ea
414 1255 457 1321 de
481 1278 582 1321 causa
604 1255 739 1322 inutilis
762 1254 867 1320 fuisse
890 1261 1043 1343 apparet,
1072 1255 1164 1340 quod
1186 1278 1254 1322 vox
1279 1257 1408 1340 ‘amor',

190 1351 194 1358 ¹
234 1369 276 1428 ut
297 1361 374 1428 fieri
396 1363 492 1445 solet,
515 1385 577 1450 prc
601 1363 740 1428 ‘amata’
764 1369 927 1449 usurpata
951 1370 1010 1428 est.

323 1469 384 1535 Ov.
400 1469 481 1535 Met.
497 1470 550 1534 IX
568 1477 630 1535 726
655 1468 832 1554 ‘ardetque
855 1469 892 1533 in
906 1468 1044 1554 virgine
1060 1468 1181 1555 virgo’.
1206 1469 1278 1534 (lat.
1296 1476 1346 1552 64,
1365 1476 1407 1534 98

233 1576 396 1662 ‘puellam
419 1627 426 1640 .
451 1628 458 1641 .
485 1577 523 1640 in
550 1576 639 1642 flavo
668 1598 767 1664 saepe
794 1576 928 1663 hospite
956 1576 1204 1662 suspirantem’.
1250 1575 1328 1641 Alia
1351 1577 1407 1642 vd.

234 1703 287 1769 ap.
310 1683 423 1748 Hand.
447 1681 494 1749 Ill
519 1690 591 1748 268.

323 1790 418 1855 Haec
446 1788 594 1874 denique
622 1789 683 1854 ‘in’
711 1790 899 1876 particulae
927 1789 993 1873 vis,
1020 1789 1059 1854 in
1087 1811 1154 1874 qua
1177 1796 1334 1855 constare
1358 1790 1409 1855 vi-

234 1895 339 1962 detur
362 1896 503 1960 causalis
527 1896 631 1981 notia,
655 1896 810 1962 offertur:
833 1919 882 1962 vs.
905 1898 960 1961 Pr.
983 1895 1031 1961 Ill
1056 1903 1106 1978 12,
1133 1902 1171 1968 15

348 2002 426 2068 ‘Ter
450 2009 571 2089 quater
593 2003 631 2068 in
654 2011 747 2068 easta
770 2002 854 2068 felix
877 2025 897 2068 o
920 2004 1081 2068 Postume
1105 2001 1226 2067 Galla'.

299 2107 394 2174 ⁴Cir.
418 2110 479 2175 Ov.
503 2110 557 2173 Tr.
581 2110 614 2175 V
638 2117 666 2193 5,
692 2116 730 2175 21
757 2113 840 2176 ‘non
863 2118 914 2175 est
937 2109 974 2174 in
997 2131 1074 2174 caro
1099 2109 1243 2195 coniuge
1265 2107 1370 2174 felix'.

325 2216 379 2282 Pr.
403 2216 434 2283 11
459 2224 487 2301 8,
512 2224 553 2282 36
581 2216 725 2282 ‘Tantus
748 2217 787 2280 in
810 2224 928 2304 erepto
951 2217 1061 2282 saevit
1084 2237 1196 2281 amore
1220 2213 1337 2280 dolor’.

326 2323 386 2388 Ov.
409 2322 485 2387 Am.
509 2323 525 2388 I
549 2331 577 2407 9,
603 2331 644 2388 33
677 2322 797 2388 ‘Ardet
819 2323 857 2388 in
880 2321 1028 2388 abducta
1050 2321 1206 2387 Briseide
1229 2344 1372 2407 magnus

928 2429 1102 2495 Achilles'.
1404 2517 1406 2522 ι

325 2537 379 2600 Pr.
404 2536 433 2601 ΙΙ
459 2543 508 2619 18,
535 2543 553 2600 2
587 2536 792 2622 ‘Frangitur
813 2537 852 2601 in
874 2537 980 2602 tacito
1003 2534 1130 2601 femina
1153 2557 1253 2622 saepe
1275 2535 1372 2600 virc’.

328 2649 355 2707 3.
402 2643 454 2707 De
486 2642 736 2730 praepositione
769 2641 857 2707 ‘sub'
897 2643 1054 2730 copulata
1092 2664 1169 2706 eum
1207 2641 1410 2706 accusativo.

236 2746 483 2834 Hertzbergius
508 2771 584 2814 curn
607 2772 654 2814 va.
679 2751 733 2814 Pr.
757 2749 804 2816 ΠΙ
828 2759 857 2833 9,
883 2758 923 2814 52

348 2857 498 2922 ‘Crescat
522 2866 556 2923 06
578 2859 756 2945 ingenium
778 2858 840 2924 sub
864 2866 924 2924 tua
946 2859 1037 2923 iussa
1060 2857 1194 2923 meum’.

235 2964 424 3030 instrueret
451 2965 514 3030 hac
541 2965 825 3053 interpretatione
854 2966 896 3030 ‘si
923 2964 985 3030 sub
1009 2972 1109 3029 tuum
1136 2963 1317 3050 imperium
1343 2961 1363 3024 i.
1380 2983 1407 3025 e.

234 3071 290 3136 tui
312 3071 447 3159 imperii
468 3079 621 3159 tempora
637 3072 785 3137 carmine
800 3079 1005 3158 perventum
1019 3069 1118 3152 foret,
1145 3070 1285 3157 spiritus
1301 3089 1408 3134 novos

237 3184 272 3243 et
293 3179 437 3244 maiores
460 3179 638 3265 ingenium
660 3202 773 3244 meum
801 3185 1017 3266 sumpturum
1049 3177 1150 3243 esset'
1184 3183 1319 3264 praeter
1342 3174 1409 3239 alia

237 3307 307 3349 non
324 3285 487 3369 meminit,
510 3293 646 3373 poetam
668 3285 865 3352 Maecenate
888 3284 974 3351 duce
998 3285 1058 3369 (vs.
1077 3287 1131 3366 43)
1157 3283 1306 3348 carmina
1330 3303 1409 3346 con·

237 3390 317 3456 dere
339 3392 436 3456 velle.
474 3391 522 3457 Et
545 3392 604 3458 illa
626 3393 718 3458 iussa
734 3391 932 3480 accipienda
956 3413 1027 3456 esse
1047 3390 1185 3477 singula
1200 3388 1409 3455 Maecenatis

236 3504 418 3585 praecepta
441 3498 540 3564 docet
563 3499 667 3564 etiam
689 3497 776 3563 illud
798 3498 901 3584 Verg.
925 3497 1006 3562 Grec.
1030 3496 1077 3563 HI
1101 3504 1141 3561 41

350 3605 495 3669 ‘Interea
518 3605 696 3692 Dryadum
720 3605 822 3670 silvas
845 3604 1018 3688 saltusque
1041 3625 1223 3688 sequamur

349 3710 508 3795 Intactos,
531 3719 599 3794 tua,
622 3711 809 3795 Maecenati,
831 3711 925 3776 haud
947 3711 1063 3776 mollia
1085 3709 1197 3774 iussa'.

327 3819 447 3903 Itaque
486 3826 727 3906 argumentum
760 3819 932 3884 enuntiati
963 3817 1181 3906 Propertiani
1216 3814 1280 3880 hoc
1311 3813 1412 3880 modo

238 3925 478 4013 explicandum
501 3933 565 3991 est:
589 3925 742 3992 ‘Crescet
766 3925 946 4016 ingenium
967 3926 1025 4009 ita,
1048 3932 1088 3990 ut
1103 3924 1223 3989 subeat
1246 3923 1336 3989 iussa
1351 3928 1413 3986 tua

237 4033 260 4097 1.
277 4056 303 4098 e.
327 4040 367 4097 ut
381 4032 547 4119 paulatim
570 4032 759 4099 satisfaciat
774 4033 872 4110 iussis
896 4031 986 4098 tuis’.
1018 4031 1149 4097 Eadem
1165 4029 1253 4095 ‘sub’
1270 4029 1412 4095 voculae

239 4139 459 4226 significatic,
492 4162 579 4224 quae
615 4163 688 4206 rem
720 4140 888 4227 paulatim
916 4138 1055 4204 extendi
1087 4138 1219 4224 arguit,
1252 4135 1343 4201 inest
1375 4135 1413 4200 in

239 4244 353 4311 verbis
377 4245 449 4311 Cat.
475 4254 525 4330 64,
550 4252 612 4312 271

352 4351 494 4418 ‘Aurora
517 4352 690 4418 exoriente
710 4352 793 4438 vagi
816 4351 878 4418 sub
902 4351 1020 4424 limina
1043 4349 1144 4416 solis'.
