3164 5132
696 285 916 344 *32-

310 464 338 520 2.
370 456 519 522 Firmior
541 458 679 544 negatio
703 457 798 521 ‘non'
822 478 884 544 pro
901 457 970 521 ‘ne'
986 457 1024 520 in
1039 457 1219 522 enuntiato
1236 455 1403 543 optativo

219 562 331 651 posita
357 563 388 628 si
413 587 483 630 non
509 563 635 648 multis,
664 572 699 629 at
727 571 818 629 certe
845 564 1023 628 nunnullis
1047 563 1129 629 locis
1153 563 1405 650 comprobatur

219 692 332 755 neque
358 671 517 736 Handius
546 672 620 756 (IV
636 694 667 758 p.
697 675 729 754 8)
753 678 845 736 recte
872 671 1053 755 iudicavit,
1077 694 1154 736 cum
1177 670 1269 758 apud
1291 671 1400 756 Prop.

328 777 347 842 I
370 785 398 862 8,
424 785 464 843 13
490 777 618 863 ‘Atque
642 801 705 864 080
721 801 792 842 11011
806 777 942 844 videam
957 779 1042 843 tales
1058 777 1232 843 subsidere
1248 777 1399 843 ventos’.

220 884 426 972 explicatum
449 885 554 950 vellet
577 887 662 948 ‘non
685 891 736 949 est
759 883 852 969 quod
873 883 1030 949 videam’.
1076 884 1164 949 Nam
1191 884 1260 968 hic,
1289 890 1328 948 ut
1356 883 1399 946 in

219 991 294 1056 aliis
323 990 473 1056 eiusdem
501 991 629 1077 elegiae
656 989 810 1056 versibus
838 1013 931 1055 mera
957 998 1038 1056 vota
1060 991 1136 1056 fieri
1159 991 1234 1076 quis
1259 997 1309 1055 est
1333 990 1399 1074 qui

219 1097 370 1190 nesciat?
408 1097 607 1163 Cuiusmodi
639 1120 748 1185 pauca
780 1098 932 1185 exempla
963 1097 1178 1184 aDraegero
1203 1098 1233 1181 (Ι
1257 1101 1335 1180 312)
1359 1105 1399 1161 01

219 1204 407 1269 Kuehnero
423 1205 473 1288 (Π
490 1209 566 1288 145)
582 1205 686 1270 011010
701 1204 754 1269 his
770 1227 895 1290 0118010
910 1203 996 1269 mihi
1010 1205 1119 1270 liceat.
1149 1203 1221 1269 Tib.
1236 1203 1288 1269 IV
1306 1211 1333 1286 1,
1353 1211 1398 1268 76

240 1345 242 1348 ·
331 1311 424 1376 ‘Non
447 1311 576 1378 violata
598 1311 681 1397 vagi
703 1311 868 1376 sileantur
890 1333 1014 1399 pascua
1036 1310 1148 1376 Solis’.

308 1418 369 1484 Ov.
392 1419 473 1483 Met.
496 1418 551 1482 HI
574 1424 637 1483 405
663 1417 733 1483 ‘Sic
755 1425 845 1483 amet
868 1417 940 1505 ipsc
962 1417 1051 1501 licet,
1075 1417 1124 1482 sio
1147 1440 1217 1483 non
1241 1417 1403 1505 potiatur

219 1525 358 1590 amatol'
404 1525 479 1590 Art.
503 1547 565 1589 am.
588 1525 643 1590 ΙΠ
669 1530 731 1590 133
756 1529 841 1589 ‘non
856 1525 927 1590 sint
942 1525 1015 1590 sine
1029 1525 1106 1611 1080
1123 1525 1259 1613 capilli’.
1293 1523 1398 1589 Trist.

220 1631 275 1696 HI
306 1638 333 1715 7,
363 1638 413 1696 29.
458 1631 540 1696 Met.
568 1631 641 1695 ΧΠ
670 1637 743 1696 152.
788 1631 891 1718 Verg.
919 1631 991 1696 Ecl.
1019 1632 1056 1695 X
1085 1641 1112 1696 5.
1159 1632 1241 1696 Hor.
1265 1631 1398 1718 Eppl

224 1745 273 1821 18,
300 1745 349 1802 11.
394 1738 495 1802 Mart.
518 1739 570 1803 IV
594 1747 644 1821 45,
670 1744 697 1802 1,

309 1844 351 1908 111
374 1844 448 1909 aliis
473 1851 587 1909 autem
611 1845 799 1910 enuntiatis
822 1845 874 1910 vis
895 1846 988 1910 vocis
1012 1846 1108 1910 ‘non'
1125 1845 1169 1909 ad
1185 1845 1394 1930 singularem

220 1949 413 2016 sententiae
436 1957 568 2037 partem
591 1950 750 2038 pertinet.
796 1952 850 2015 Pr.
874 1951 891 2015 I
915 1957 943 2034 8,
971 1958 1009 2016 18
1035 1951 1102 2018 ‘Sit
1126 1951 1293 2016 Galathea
1315 1959 1395 2016 tuae

219 2062 289 2122 non
321 2055 434 2122 aliena
461 2057 560 2122 viae’ss
607 2057 667 2122 Ov.
690 2057 752 2121 Ex.
776 2059 813 2122 P.
841 2057 860 2121 I
885 2064 911 2140 7,
937 2065 987 2123 68.
1027 2059 1092 2122 Pr.
1116 2057 1152 2122 H
1176 2064 1226 2140 26,
1251 2064 1290 2122 41
1318 2059 1395 2123 ‘Illa

218 2164 303 2230 meis
326 2171 462 2228 tantum
485 2186 556 2229 non
578 2186 729 2249 unquam
752 2165 841 2229 desit
856 2164 991 2229 ocellis’.
1030 2165 1085 2229 ΙΠ
1102 2170 1151 2247 15,
1175 2171 1201 2229 1.
1242 2165 1301 2230 Ov.
1318 2163 1396 2229 Am.

222 2270 329 2355 1119,
354 2277 405 2336 68.
452 2271 552 2336 Trist.
576 2271 608 2336 V
632 2279 661 2355 3,
686 2277 736 2337 38.

311 2385 338 2443 3.
387 2377 676 2464 Compositionem
708 2382 765 2442 ‘ne
788 2417 831 2426 —
854 2379 946 2461 non’,
979 2378 1035 2442 cui
1066 2378 1222 2465 inprimis
1250 2378 1397 2444 Ovidius

219 2484 386 2571 indulget,
410 2483 674 2550 affirmationem
697 2484 831 2550 efficere
853 2492 974 2550 notum
998 2492 1057 2568 est,
1080 2485 1140 2550 sed
1164 2484 1280 2550 eadem
1295 2507 1396 2550 voca-

219 2591 300 2656 bula
323 2595 380 2656 ‘ne
404 2631 447 2641 -
471 2615 543 2656 non
566 2593 703 2676 (nemo)’
728 2593 952 2679 negationem
977 2593 1086 2680 ipsam
1109 2614 1233 2678 0118010
1257 2615 1277 2656 0
1300 2593 1393 2657 nullo

219 2698 332 2764 adhuc
364 2705 662 2765 commemoratum
695 2706 754 2764 est.
809 2700 930 2784 Itaque
956 2699 1032 2764 fieri
1054 2721 1126 2764 non
1143 2700 1280 2786 potuit,
1310 2699 1391 2784 quin

222 2812 416 2871 tentaretur
439 2805 533 2870 locus
556 2807 655 2893 Prop.
679 2806 716 2869 H
740 2813 790 2890 19,
816 2814 856 2870 32

333 2911 403 2977 ‘Sic
426 2903 480 2977 me
503 2935 566 2977 nec
588 2912 679 2978 00100
701 2919 866 3001 poterunt
888 2919 1042 2977 avertere
1065 2911 1170 2976 silvae
1195 2965 1201 2978 .
1225 2963 1232 2974 .
1257 2963 1264 2975 .

332 3019 425 3097 Quin
449 3042 512 3106 080
535 3010 582 3084 111
595 3019 738 3085 adsidua
759 3027 888 3084 mutem
911 3026 971 3083 tua
993 3019 1131 3083 nomina
1153 3019 1281 3104 11118110,

332 3124 481 3191 Absenti
504 3149 604 3193 nemo
627 3149 672 3191 ne
695 3127 851 3191 nocuisse
873 3125 980 3192 velit’.

310 3233 383 3297 Nec
397 3232 603 3298 Baehrentis
625 3233 771 3299 mutatio
788 3232 893 3297 ‘dum'
910 3233 1098 3297 necessaria
1114 3239 1252 3316 estnec
1269 3231 1393 3297 codicis

220 3339 325 3426 Neap.
348 3337 489 3405 lectioni
512 3343 625 3405 ‘nemo
648 3341 731 3405 non'
756 3339 798 3405 ab
821 3338 1049 3424 Hertzbergio
1074 3333 1231 3404 defensae
1254 3337 1393 3415 favebit,

220 3445 416 3531 quicunque
440 3469 541 3531 quam
563 3447 634 3512 vim
656 3446 835 3535 postremis
859 3445 1018 3510 carminis
1040 3444 1195 3511 versibus
1219 3445 1393 3532 imponere

220 3553 326 3618 soleat
349 3560 464 3617 noster
487 3560 596 3640 poeta,
620 3553 815 3619 attenderit.
861 3553 991 3617 Iniuria
1013 3551 1277 3641 Lachmannum,
1302 3550 1393 3636 quod

219 3659 318 3724 illum
344 3659 457 3724 locum
484 3660 677 3744 reliquisset
703 3660 884 3743 intactum,
909 3657 1052 3724 'Hertzb.
1081 3641 1260 3724 accusavit.
1306 3657 1394 3721 Nam

220 3766 338 3832 eadem
361 3765 495 3830 ratione
517 3764 672 3830 Tibullus
695 3766 831 3854 scripsit
854 3789 902 3830 vs.
925 3766 976 3831 IV
1001 3775 1028 3849 7,
1053 3772 1072 3831 8

332 3873 424 3939 ‘Non
447 3895 510 3958 080
534 3873 678 3959 signatis
702 3874 884 3959 quicquam
905 3872 1068 3938 mandare
1090 3870 1233 3954 tabellis,
1350 3895 1352 3900 ¹

331 3980 384 4045 Ne
399 3980 494 4065 10801
509 3979 546 4044 id
562 4002 661 4045 nemo
678 4003 780 4065 quam
795 4003 889 4044 meus
905 3987 994 4063 ante,
1009 3977 1135 4044 velim’.
1160 3978 1182 4042 i.
1193 4000 1219 4042 e.
1238 3978 1299 4064 sig.
1315 3997 1358 4043 ne
1371 3979 1392 4043 l.

221 4086 321 4164 Quod
330 4086 397 4154 huo
406 4086 566 4175 pertinet,
576 4087 723 4152 alterum
732 4087 868 4175 repperi
882 4085 1392 4176 01011Ρ10110111.Ε1Ρ.11,66

332 4193 437 4259 ‘Mors
460 4191 564 4259 faciet
588 4201 688 4277 certe,
711 4217 757 4259 ne
779 4194 851 4278 sim,
877 4217 954 4258 cum
977 4193 1119 4277 venerit,
1146 4193 1236 4259 exul:

333 4299 384 4364 Ne
408 4320 480 4364 non
502 4299 678 4389 peccarim,
694 4323 783 4365 mors
807 4322 942 4386 quoque
965 4320 1036 4364 non
1057 4297 1181 4364 faeiet’.
1279 4326 1280 4330 ¹
1309 4319 1311 4326 ·
