3164 5132
692 298 913 366 ÷18-

304 466 408 553 Erg0,
424 467 505 552 quia
520 469 628 534 simile
644 469 739 534 deest
755 469 954 557 exemplum,
963 493 1033 536 non
1048 469 1139 556 quod
1148 471 1388 539 Lachmannus

215 575 418 661 particulam
440 575 501 641 ‘at’
526 575 713 661 quidquam
736 575 838 659 aliud,
862 599 964 660 quam
986 576 1259 663 indignationem
1282 579 1388 666 signi-

214 680 316 746 ficare
338 688 532 768 negaverat,
555 681 640 746 mihi
662 683 822 770 persuasi,
846 705 866 748 a
888 683 1067 770 Propertio
1090 685 1256 772 scriptum
1280 709 1350 752 esse

306 811 351 854 vs.
374 788 411 852 11
436 795 485 872 27,
512 795 527 854 1
563 788 623 854 ‘Et
644 811 706 864 vos
728 789 902 874 incertam,
924 790 1091 875 mortales,
1115 789 1246 856 funeris
1268 793 1388 858 horam

326 894 506 979 Quaeritis,
530 900 565 960 et
588 917 655 979 qua
678 895 723 960 sit
745 918 835 961 mors
859 895 994 974 aditura
1016 897 1089 962 via.

302 1002 381 1067 Huc
405 1001 544 1086 accedit,
568 1002 659 1086 quod
681 1002 873 1067 sententiae
895 1003 1047 1089 gravitas
1071 1004 1200 1069 nonin
1215 1027 1299 1072 voce
1315 1004 1384 1072 ‘At’

214 1108 285 1174 sive
309 1108 381 1173 ‘Et’
404 1110 502 1192 inest,
526 1108 585 1174 sed
607 1109 721 1196 potius
745 1108 901 1175 consistit
923 1110 960 1174 in
982 1111 1182 1196 pronomine
1206 1113 1306 1195 ‘vos’‚
1330 1115 1386 1178 cui

214 1215 369 1304 opposita
391 1222 472 1281 sunt
494 1214 600 1281 verba
623 1215 735 1282 ‘Solus
757 1239 873 1282 amans
896 1217 1006 1282 novit’
1029 1240 1078 1281 vs.
1104 1224 1153 1283 11.

303 1321 432 1400 Quodsi
463 1329 556 1388 recte
583 1322 757 1410 disputavi
789 1323 831 1388 de
863 1346 928 1389 usu
955 1324 1204 1390 coniunctionis
1231 1324 1309 1410 ‘At’,
1340 1349 1386 1392 ne

212 1427 512 1517 Heydenreichii¹)
537 1429 674 1514 quidem
697 1431 892 1495 coniectura
908 1429 976 1494 ‘At’
1001 1453 1084 1518 opus
1108 1437 1160 1496 est
1179 1454 1227 1497 vs.
1244 1432 1280 1496 H
1297 1439 1346 1517 10,
1366 1439 1382 1498 1

311 1536 408 1611 “Sed
430 1544 564 1624 tempus
586 1538 732 1602 lustrare
755 1537 831 1602 aliis
853 1537 1020 1602 Helicona
1044 1536 1195 1603 choreis’.

213 1666 280 1728 quo
313 1643 355 1708 de
387 1645 474 1727 loce,
507 1666 584 1709 cum
615 1666 735 1731 poema
765 1644 803 1708 in
836 1644 908 1710 cod.
933 1643 1036 1709 Gron.
1068 1645 1299 1731 superioribus
1332 1647 1384 1710 in-

211 1751 378 1834 iunctum,
406 1751 443 1815 in
467 1749 538 1816 cod.
562 1751 666 1838 Neap.
691 1773 711 1815 a
738 1749 1019 1839 praecedentibus
1041 1751 1227 1817 interstitio
1251 1775 1384 1839 separa-

210 1864 286 1922 tum
308 1857 360 1941 sit,
385 1856 572 1943 quidquam
595 1858 681 1922 certi
704 1857 873 1945 explorari
895 1857 956 1923 vix
977 1858 1113 1944 poterit.
1159 1857 1246 1922 Mihi
1269 1866 1384 1924 autem

210 1985 280 2029 non
303 1963 445 2029 dubium
469 1972 528 2048 est,
552 1965 635 2050 quin
657 1965 780 2031 vocula
803 1965 887 2030 ‘sed'
910 1966 1019 2031 multo
1042 1967 1170 2049 melius,
1195 1989 1297 2052 quam
1316 1968 1382 2051 ‘at’,

210 2071 310 2136 initio
334 2071 490 2136 carminis
517 2071 630 2137 locum
657 2072 707 2137 ita
730 2071 867 2155 habeat,
900 2079 939 2137 ut
967 2072 1084 2138 eadem
1115 2073 1248 2139 ratione
1279 2081 1383 2160 atque

209 2177 377 2265 particula
400 2179 507 2265 ‘ergo’
532 2178 756 2264 cogitationes
779 2179 816 2243 in
831 2186 950 2265 poetae
965 2185 1103 2266 pectore
1118 2181 1254 2245 volutas
1276 2181 1382 2246 inter-

209 2285 322 2371 rumpi
344 2285 524 2371 significet.
571 2283 653 2368 (Ofr.
678 2307 764 2369 quae
787 2285 928 2371 exposui
949 2309 981 2372 p.
1007 2288 1069 2368 22.)

300 2398 328 2454 5.
360 2390 544 2455 Enuntiati
566 2389 713 2455 formula
736 2390 778 2454 ‘si
803 2392 898 2477 (non)
922 2429 965 2438 -
988 2390 1035 2455 at'
1060 2390 1202 2456 offertur
1223 2391 1275 2458 IV
1292 2400 1319 2476 7,
1341 2400 1378 2459 29

209 2495 261 2562 ‘Si
275 2497 390 2583 piguit
405 2504 520 2584 portas
536 2497 726 2584 procedere,
741 2503 776 2561 at
790 2497 876 2561 illud
890 2496 961 2580 (sic,
975 2519 1045 2562 non
1055 2496 1161 2562 ‘illuc'
1172 2498 1381 2566 Ribbeckius

208 2603 335 2668 lectum
350 2603 439 2689 vult)
455 2601 634 2668 iussisses’.
668 2604 685 2668 I
703 2611 730 2687 5,
748 2611 766 2668 9
785 2603 941 2680 ‘Quodsi
957 2653 981 2668 ..
998 2626 1068 2669 non
1083 2654 1108 2668 ..
1124 2602 1196 2672 At'.
1223 2606 1274 2671 IV
1291 2614 1319 2690 4,
1337 2615 1377 2672 57

208 2709 261 2775 ‘Si
282 2709 393 2774 minus
417 2711 474 2778 at'.

297 2817 403 2883 Paulo
427 2817 628 2903 exquisitius
653 2825 712 2901 est,
736 2816 828 2903 quod
851 2818 1049 2906 Propertius
1072 2819 1251 2906 usurpavit
1275 2820 1379 2905 ‘quod

208 2945 278 2988 non
301 2961 343 2972 —
368 2925 430 2989 at':
470 2921 531 2989 ’ΠΙ
555 2931 583 3009 2,
608 2932 627 2989 9

319 3030 432 3107 ‘Quod
454 3054 523 3098 non
546 3031 719 3097 Taenariis
744 3029 862 3096 domus
886 3039 937 3096 est
960 3030 1044 3096 mihi
1067 3029 1156 3096 fulta
1180 3033 1352 3118 columnis,

317 3137 390 3202 Nec
414 3161 545 3204 camera
569 3145 703 3203 auratas
726 3138 816 3203 inter
840 3136 969 3203 eburna
991 3138 1104 3203 trabes
1128 3189 1134 3202 .
1158 3190 1179 3222 .,

319 3243 367 3309 At
390 3267 505 3310 musae
528 3246 668 3311 comites
692 3252 726 3312 et
750 3245 900 3311 carmina
923 3251 1021 3331 grata
1043 3245 1195 3331 legenti'.

207 3350 263 3415 cui
271 3350 435 3436 loquendi
444 3350 611 3417 formulae
621 3352 764 3418 Ovidius
778 3351 942 3439 praetulit
956 3351 1081 3417 ‘Sinon
1090 3392 1134 3400 -
1144 3352 1187 3416 at'
1204 3351 1279 3416 Am.
1289 3351 1308 3415 I
1318 3357 1345 3434 3,
1359 3359 1376 3414 7

280 3467 283 3472 ’
318 3457 369 3524 ‘Si
391 3481 445 3523 me
468 3481 537 3525 non
559 3467 715 3525 veterum
739 3458 977 3524 commendant
999 3481 1124 3545 magna
1146 3463 1326 3544 parentum

316 3566 463 3632 Nomina
486 3619 493 3632 .
517 3619 523 3632 .
547 3566 619 3631 Nec
641 3589 734 3632 meus
757 3565 944 3630 innumeris
967 3573 1151 3632 renovatur
1174 3585 1310 3651 campus

845 3672 996 3738 aratris.
1021 3724 1027 3738 .

316 3777 366 3845 At
388 3778 545 3850 Phoebus
569 3779 775 3864 comitesque
797 3801 921 3845 novem
943 3779 1093 3864 vitisque
1116 3776 1290 3867 repertor'.

297 3895 324 3953 6.
357 3885 533 3974 Singulari
560 3886 650 3969 voci,
679 3908 765 3971 quae
787 3886 1032 3973 praemittitur,
1061 3884 1278 3950 adversativa
1301 3905 1380 3950 con-

204 3992 335 4060 iunctio
360 3994 502 4082 opponit
525 3993 715 4079 sequentia:
748 3993 802 4057 ΙΠ
827 4000 855 4076 6,
881 4001 921 4058 32
946 3993 1073 4057 ‘Poena
1096 3992 1162 4056 erit
1184 3997 1265 4056 ante
1287 4013 1379 4056 meos

204 4121 287 4185 sera,
310 4099 370 4166 sed
392 4101 512 4189 ampla,
535 4100 660 4189 pedes'.
695 4106 745 4184 18,
770 4108 821 4166 22.
858 4100 910 4166 IV
930 4106 958 4184 1,
982 4105 1023 4164 98
1048 4099 1160 4182 ‘Vera
1184 4097 1244 4162 sed
1267 4095 1378 4162 invito

205 4206 353 4293 contigit
379 4207 446 4273 ista
467 4207 573 4273 fides'.
621 4213 654 4292 8,
680 4213 729 4272 32.
776 4207 828 4272 Ne
852 4206 914 4272 ‘at'
939 4205 1076 4290 quidem
1104 4210 1220 4270 noster
1247 4201 1379 4291 sprevit

237 4318 536 4417 mlJ-Hoydenreich,
555 4351 661 4419 quaest.
685 4349 762 4420 Prop.
784 4348 852 4403 1875
871 4365 898 4418 p.
912 4348 954 4403 20.
