3164 5132
657 366 877 424 ..21-

180 536 335 601 ‘tantum'
360 535 402 600 de
425 534 638 600 Lachmanni
662 535 813 602 editione
840 535 953 624 priore
974 558 1153 624 perperam
1176 537 1354 626 depromp-

180 642 262 707 sisse
295 650 451 730 apertum
480 650 539 709 est.
586 644 705 729 Neque
736 644 848 708 minus
873 644 1095 710 offensionem
1117 644 1222 710 habet
1244 644 1354 710 Baeh-

179 749 287 814 rentis
312 749 477 814 correctio
500 750 593 815 tale’.
639 750 728 816 Nam
750 757 852 838 poeta
874 751 959 816 dicit
982 750 1157 829 ‘Quamvis
1180 752 1273 839 pacis
1297 774 1354 817 cu-

179 855 294 944 pidus,
325 854 415 921 bella
448 879 525 921 cum
556 857 670 944 puella
701 880 784 944 gero
809 880 873 923 nec
896 865 1012 923 tamen
1036 858 1175 924 divitias
1197 858 1353 947 possideo

180 984 293 1048 neque
324 962 499 1046 acquirere
527 964 655 1031 studeo.
702 964 771 1030 Sed
798 987 859 1030 vos
886 971 1001 1030 vestro
1030 963 1121 1030 bello
1145 957 1354 1031 occasionem

180 1069 271 1135 bona
299 1069 484 1154 colligendi
511 1071 656 1158 captatis
689 1075 749 1154 (vs.
776 1078 815 1136 12
841 1077 876 1136 et
900 1072 976 1155 47)'.
1023 1070 1153 1136 Eadem
1181 1072 1354 1137 enuntiati

180 1184 361 1260 structura,
385 1198 453 1260 qua
476 1177 754 1242 coniunctionem
775 1178 1078 1244 animadvertimus
1093 1179 1263 1244 moderari
1278 1201 1354 1244 sen·

182 1283 309 1348 tentiae
332 1283 558 1366 antecedenti,
581 1283 760 1350 invenitur
782 1284 819 1348 H
844 1293 893 1368 19,
919 1291 956 1351 21

292 1389 472 1476 ‘Incipiam
496 1398 632 1478 captare
654 1389 744 1456 feras
767 1445 774 1457 .
799 1446 805 1458 .

292 1496 370 1561 Non
393 1504 508 1562 tamen
530 1504 570 1562 ut
593 1505 707 1563 vastos
730 1499 839 1563 ausim
860 1507 1029 1587 temptare
1051 1499 1195 1564 leones’.¹

268 1599 428 1688 Denique
442 1626 602 1690 magnam
618 1604 661 1669 ad
677 1606 959 1691 cognoscendum,
976 1629 1043 1691 quo
1059 1605 1252 1690 referretur,
1262 1603 1353 1670 diffi-

180 1709 345 1774 cultatem
368 1709 489 1775 habuit
511 1711 679 1798 particula
701 1734 750 1779 vs.
765 1711 816 1777 IV
841 1719 891 1795 11,
915 1721 954 1778 61

294 1815 354 1880 ‘Et
377 1824 494 1881 tamen
517 1818 643 1882 emerui
665 1840 848 1904 generosos
871 1819 976 1884 vestis
999 1819 1152 1903 honores,

181 1923 183 1930 ’
292 1922 365 1987 Nec
387 1945 462 1988 mea
485 1923 527 1989 de
550 1925 660 1989 sterili
682 1923 774 1989 facta
796 1924 917 2012 rapina
941 1913 1063 1993 domo’.

271 2029 405 2106 Quare
428 2029 489 2094 diu
512 2030 725 2096 considerata
744 2030 829 2095 mihi
844 2033 1004 2118 persuasi,
1027 2054 1164 2097 versum
1181 2039 1220 2098 17
1247 2032 1353 2120 expli·

180 2136 326 2202 cationis
343 2158 458 2201 ansam
473 2136 572 2201 nobis
589 2137 677 2203 dare.
709 2137 797 2202 Nam
813 2137 979 2224 Cornelia,
1002 2145 1183 2226 postquam
1198 2139 1243 2222 id,
1260 2138 1353 2223 quod

179 2242 230 2307 ibi
253 2249 474 2330 proposuerat
498 2244 681 2309 ‘Inmatura
703 2244 792 2328 licet,
815 2251 929 2310 tamen
952 2244 1019 2309 huc
1042 2268 1113 2310 non
1128 2244 1231 2310 noxia
1253 2245 1352 2328 veni',

180 2350 317 2435 longius
339 2357 518 2437 prosecuta
541 2347 605 2434 est,
639 2350 820 2416 contendit
842 2351 930 2435 loco,
959 2351 1001 2417 de
1025 2375 1092 2437 quo
1116 2351 1240 2438 agitur,
1272 2373 1352 2435 sese,

181 2456 335 2542 quamvis
368 2457 583 2522 immaturam
615 2458 829 2523 occubuisset
863 2465 1019 2543 mortem,
1057 2467 1174 2525 tamen
1212 2458 1353 2546 stirpem

181 2586 223 2628 ex
245 2586 280 2628 se
303 2563 487 2649 reliquisse.

197 2711 199 2716 -
270 2677 298 2734 9.
331 2671 467 2755 Restat,
485 2678 525 2736 ut
540 2670 664 2737 faciam
686 2674 895 2740 mentionem
910 2673 1032 2738 horum
1046 2696 1216 2741 versuum.
1248 2672 1352 2739 Notio

181 2777 375 2842 concessiva
398 2785 534 2844 constat
556 2779 593 2843 in
616 2780 791 2845 vocabulis
810 2781 900 2846 “sive
924 2819 966 2828 -
990 2779 1070 2845 sive'
1094 2781 1131 2845 H
1155 2788 1205 2863 34,
1230 2786 1269 2845 81

292 2883 379 2948 ‘Non
401 2892 516 2950 tamen
538 2886 621 2951 haec
644 2886 708 2951 ulli
727 2887 869 2952 venient
891 2887 1030 2973 ingrata
1052 2887 1192 2973 legenti,

182 3029 185 3034 ·
291 2990 372 3056 Sive
395 2993 434 3057 in
456 3015 570 3058 amore
592 2992 694 3077 rudis,
719 2994 790 3059 sive
813 2995 943 3082 peritus
967 2994 1055 3061 erit'.

291 3097 404 3184 Lygd.
426 3099 453 3182 1,
478 3106 497 3163 6
522 3099 599 3164 ‘Seu
620 3123 702 3184 mea,
726 3123 785 3166 seu
808 3099 917 3184 fallor,
941 3122 1019 3166 cara
1038 3100 1170 3165 Neaera
1192 3100 1328 3167 tamen’.

269 3205 468 3270 Pronomini
490 3207 561 3272 vim
581 3206 811 3273 concessivam
833 3207 948 3273 tribuo
972 3207 1063 3295 apud
1083 3208 1183 3295 Prop.
1206 3207 1291 3291 115,
1309 3214 1350 3272 32

293 3311 360 3377 ‘sis
384 3313 611 3398 quodcunque
634 3315 736 3398 voles,
759 3337 831 3380 non
854 3315 964 3380 aliena
986 3315 1115 3380 tamen'
1140 3319 1196 3398 (so.
1220 3315 1307 3399 eris).

270 3416 341 3485 Ofr.
370 3418 443 3484 Tib.
467 3419 485 3483 I
509 3427 537 3503 6,
570 3428 610 3485 66
658 3420 847 3506 ‘Quidquid
875 3421 961 3508 agit,
990 3422 1130 3507 sanguis
1158 3428 1350 3488 esttamen

180 3523 239 3590 illa
262 3525 364 3590 tuus’.
555 3545 556 3552 ¹
1242 3545 1243 3548 ’

268 3631 460 3697 Verborum
482 3631 786 3700 conformationem
809 3657 856 3700 vs.
879 3635 897 3699 I
922 3641 972 3718 15,
997 3643 1016 3700 2
1047 3635 1134 3700 ‘Hae
1157 3642 1273 3700 tamen
1296 3656 1352 3698 ex-

181 3746 286 3827 cepta,
310 3739 471 3827 Cynthia,
495 3739 650 3827 perfidia'
667 3763 860 3830 comparare
872 3740 992 3807 licebit
1007 3765 1084 3806 cum
1098 3742 1159 3807 Ov.
1183 3765 1224 3806 ex
1238 3742 1352 3806 Ponto

180 3843 198 3910 I
223 3852 250 3929 7,
275 3853 293 3910 6
317 3849 387 3911 ‘me
409 3853 525 3912 tamen
549 3848 708 3935 excepto'.
740 3848 822 3913 Met.
843 3847 932 3912 Vm
956 3854 1029 3913 868.
1065 3849 1118 3914 De
1141 3846 1287 3913 formula
1310 3847 1352 3913 ‘si

179 3952 303 4016 tamen'
328 3953 468 4040 exposui
489 3977 521 4041 p.
547 3962 598 4021 27.

180 4131 213 4199 Ι).
257 4129 302 4196 ῠο
325 4131 603 4201 coniunctionibus
627 4133 823 4202 conctactus
847 4134 1067 4202 consecutivis
1091 4133 1350 4220 maestitiaque.

270 4283 297 4342 1.
330 4276 529 4361 Propertius
553 4283 588 4340 et
601 4274 745 4341 Ovidius
767 4282 808 4339 ut
830 4275 1014 4362 particulas
1039 4275 1136 4362 ‘ergo’
1161 4282 1263 4361 atque
1278 4276 1353 4363 igi-

178 4381 247 4446 tur’
272 4381 373 4447 initio
397 4382 553 4446 carminis
576 4381 761 4470 posuerint,
785 4404 825 4446 ea
848 4381 890 4446 de
910 4403 1009 4446 causa
1023 4380 1153 4447 factum
1176 4389 1237 4467 est,
1259 4383 1352 4468 quod
