3164 5132
689 292 739 304 ,.,
780 261 821 319 20
868 291 909 302 -

224 511 226 520 ,
304 436 332 497 8.
365 429 527 519 Apertius
551 453 632 496 vero
656 431 868 499 concessivae
897 429 1029 494 notioni
1052 427 1220 515 particula
1244 426 1391 511 ‘tamen'

213 536 407 624 respondet:
440 537 497 604 Vs.
520 537 574 602 ΙΠ
598 544 648 620 21,
674 544 690 602 7

225 691 228 714 1
326 643 403 709 ‘Vix
425 650 541 708 tamen
564 650 624 709 aut
647 645 750 708 semel
772 643 934 725 admittit,
958 665 1035 707 cum
1057 664 1157 729 saepe
1179 639 1331 727 negarit’.

213 748 274 814 ubi
304 747 471 833 Kuttner,
504 772 581 814 cum
613 748 656 815 ad
688 750 960 815 coniunctionem
987 747 1127 814 ‘tamen'
1158 748 1388 834 interpretan-

214 857 291 925 dam
313 879 362 922 vs.
387 865 405 922 3
429 863 628 922 revocatum
650 856 763 940 vellet,
786 878 856 922 non
880 855 1054 942 cogitavit,
1078 855 1116 919 in
1137 854 1258 919 vocula
1282 853 1384 918 ‘cum'

214 964 441 1030 concessivam
476 963 548 1030 vim
585 963 731 1052 positam
767 986 847 1030 esse.
899 962 1034 1028 Codicis
1068 962 1173 1048 Neap.
1205 961 1388 1026 lectionem.

216 1071 375 1158 ‘negarit’
405 1093 520 1136 omnes
549 1077 689 1158 excepto
712 1071 876 1136 Muellero
903 1070 1110 1135 recentiores
1137 1068 1264 1132 iniuria
1286 1089 1385 1156 repu-

216 1177 324 1262 diasse
347 1177 447 1242 docet
471 1177 680 1242 simillimum
703 1177 903 1264 exemplum,
929 1176 1021 1262 quod
1043 1175 1145 1241 attuli
1167 1197 1199 1262 p.
1224 1183 1275 1242 55.

229 1357 232 1364 p
304 1284 424 1369 Neque
446 1284 559 1349 minus
582 1285 736 1351 Kuttner
759 1284 894 1370 erravit,
918 1307 995 1349 cum
1017 1284 1053 1348 H
1078 1291 1106 1366 5,
1132 1291 1149 1347 5

229 1450 240 1457 .,
326 1391 387 1456 ‘Et
409 1390 507 1456 nobis
530 1391 654 1476 aliquo,
678 1391 837 1478 Cynthia,
860 1398 985 1458 ventus
1009 1391 1083 1458 erit.

325 1497 506 1564 Inveniam
528 1504 643 1563 tamen
667 1521 684 1563 e
707 1499 824 1564 multis
846 1497 1025 1563 fallacibus
1048 1520 1160 1580 unam,

327 1603 421 1680 Quae
443 1603 519 1668 fieri
538 1610 658 1669 nostro
682 1605 831 1668 carmine
854 1611 937 1670 nota
959 1603 1066 1670 velit⁷.

216 1709 401 1797 explicaret
432 1714 484 1775 ‘tu
507 1711 646 1795 quidem
668 1732 721 1776 me
744 1709 906 1795 fefellisti,
939 1711 998 1776 sed
1030 1718 1144 1775 tamen
1167 1709 1268 1774 aliam
1290 1709 1387 1773 inve-

214 1816 309 1881 niam
329 1816 539 1892 fideliorem’.
571 1817 660 1886 Nam
682 1841 725 1882 nc
747 1818 856 1883 multa
874 1817 980 1883 verba
1002 1815 1133 1900 faciam,
1157 1838 1271 1881 nonne
1286 1837 1387 1880 voces

216 1927 248 2006 ‘e
269 1923 386 2002 multis
414 1922 605 2005 fallacibus’
629 1925 755 1991 maiore
778 1947 861 1990 sono
889 1924 1132 2012 pronuntiatae
1165 1922 1264 1988 sunt?
1309 1922 1388 1987 Non

215 2031 464 2096 sententiarum
481 2013 674 2098 consecutio
690 2038 725 2097 et
741 2038 912 2097 structura
927 2032 1010 2097 haec
1030 2030 1113 2096 estlz
1145 2030 1240 2095 Haec
1255 2029 1387 2094 mereo?

217 2136 313 2202 dabis
335 2137 421 2202 mihi
443 2160 578 2225 poenas.
623 2139 671 2203 Et
694 2138 792 2204 nobis
816 2139 930 2223 aliquo
953 2145 1078 2204 ventus
1102 2137 1176 2202 erit.
1208 2136 1387 2202 Inveniam

216 2266 234 2308 e
265 2243 382 2308 multis
415 2242 593 2309 fallacibus
629 2245 651 2308 i.
678 2268 705 2312 c.
734 2267 939 2329 quamquam
970 2245 1098 2308 multae
1129 2251 1209 2308 sunt
1240 2242 1387 2326 fallaces,

214 2357 330 2426 tamen
360 2373 473 2416 unam.
501 2389 545 2397 -
573 2351 771 2438 Propertius
803 2351 875 2438 ipse
906 2350 999 2415 hunc
1030 2350 1217 2438 particulae
1245 2350 1385 2416 ‘tamen'

215 2479 314 2522 usum
337 2463 472 2521 secutus
497 2463 547 2520 est
567 2457 622 2520 ΠΙ
646 2465 696 2540 25,
722 2462 763 2522 1o

328 2562 412 2628 ‘Nec
434 2569 552 2638 tamen
575 2563 662 2628 irata
684 2562 787 2628 ianua
809 2562 919 2628 fracta
941 2565 1066 2629 manu’.

216 2670 237 2734 i.
255 2691 281 2738 e.
304 2669 352 2734 Et
374 2669 477 2746 ianua
498 2677 616 2734 tamen
638 2692 707 2735 non
729 2668 839 2736 fracta
862 2693 978 2755 manu,
1004 2671 1158 2755 quamvis
1181 2671 1269 2736 irata
1291 2677 1386 2736 esset.

305 2775 362 2840 Ad
393 2775 663 2862 intellegendam
693 2777 896 2864 particulam
927 2800 976 2844 νε.
998 2778 1053 2841 ΠΙ
1082 2784 1137 2860 11,
1162 2784 1200 2842 51
1237 2777 1388 2863 ‘Fugisti

216 2890 331 2948 tamen
355 2884 394 2950 ..'
433 2906 481 2948 νε.
506 2889 545 2948 41
573 2882 674 2948 ‘Ausa
696 2884 773 2950 Iovi
796 2938 826 2952 ..
851 2906 1020 2972 opponere
1043 2883 1203 2948 Anubim’
1228 2883 1386 2949 adhibea-

216 2997 274 3055 tur
296 3013 431 3056 necesse
454 2997 513 3056 est.
559 2991 602 3055 ln
625 3015 673 3056 vs.
696 2993 751 3056 ΠΙ
776 2998 825 3076 16,
851 2998 889 3057 11

319 3097 409 3172 ,ιΝθο
432 3103 548 3162 tamen
572 3105 623 3162 est
646 3098 837 3183 quisquam,
862 3121 972 3164 sacros
996 3099 1056 3184 qui
1078 3097 1191 3164 laedat
1214 3098 1386 3163 amantes’.

217 3203 279 3269 sub
312 3203 553 3270 coniunctione
585 3203 784 3270 subicienda
823 3213 874 3270 est
905 3205 1078 3270 sententia
1110 3204 1286 3281 ‘Quamvis
1318 3226 1388 3269 nox

216 3318 380 3376 terrorem
395 3311 493 3377 nobis
508 3309 656 3376 inserat'.
681 3311 773 3388 Quid
788 3311 855 3376 sibi
870 3312 956 3377 velit
970 3311 1138 3398 particula
1161 3335 1209 3378 vs.
1224 3313 1261 3377 H
1277 3319 1327 3394 33,
1344 3317 1384 3376 41

329 3416 444 3482 ‘Nulla
465 3425 582 3482 tamen
604 3417 693 3483 lecto
717 3418 840 3506 recipit
863 3441 898 3483 se
921 3417 991 3483 sola
1013 3417 1183 3482 libenter⁷.

218 3523 342 3590 docent
366 3547 414 3608 ea,
437 3546 524 3609 quae
546 3524 629 3589 inde
652 3547 671 3590 a
690 3523 742 3592 vs.
760 3533 800 3590 23
825 3525 1009 3613 praemissa
1024 3507 1117 3592 sunt.¹
1150 3525 1292 3590 illarum
1313 3547 1388 3589 sen-

217 3631 404 3698 tentiarum
426 3653 534 3696 nexus
557 3630 613 3696 hic
642 3655 712 3698 esse
735 3632 887 3698 videtur:
922 3631 1134 3718 Quamquam
1156 3631 1241 3696 mihi
1257 3631 1387 3718 copiam

216 3739 270 3803 tui
292 3761 364 3804 non
386 3737 478 3823 facie,
492 3746 618 3807 ⁴tamen
640 3740 727 3806 illud
746 3741 824 3826 seio,
848 3741 978 3806 nullam
1000 3741 1148 3829 puellam
1172 3746 1255 3824 etsq.
1292 3739 1387 3826 Ergo

216 3844 317 3911 rebus
340 3868 380 3910 ac
402 3846 611 3934 temporibus
635 3847 727 3914 cedo.
773 3847 837 3936 Ap.
860 3849 959 3936 Prop.
982 3848 1037 3912 HI
1061 3855 1088 3931 5,
1114 3854 1132 3912 3

328 3953 438 4018 ‘Pacis
460 3955 567 4020 Amor
591 3953 674 4019 deus
698 3961 757 4038 est,
780 3976 898 4042 pacem
921 3976 1124 4020 veneramur
1146 3960 1307 4019 amantea.

328 4061 432 4126 Stant
454 4061 539 4126 mihi
563 4084 641 4126 cum
664 4061 801 4128 domina
824 4063 953 4150 proelia
977 4062 1061 4126 dura
1083 4084 1165 4127 mea.

327 4167 399 4232 Nec
422 4174 539 4234 tamen
560 4168 673 4234 inviso
695 4176 815 4256 peetus
839 4169 924 4234 mihi
947 4169 1099 4256 carpitur
1121 4190 1203 4234 auro
1227 4168 1265 4234 ..'

305 4273 498 4362 Hauptium
521 4274 780 4360 Vahlenumque
803 4297 865 4362 pro
889 4275 1011 4342 vocula
1034 4276 1164 4340 ‘tamen'
1188 4274 1388 4341 adverbium
