3164 5132
690 317 910 376 ..22-

216 509 380 556 summam
403 485 445 552 de
468 509 505 552 re
528 489 740 571 sententiam,
765 488 862 573 quasi
883 487 987 552 finem
1010 486 1172 552 fecissent
1193 486 1308 551 tacitis
1332 508 1386 551 co-

216 593 451 680 gitationibus,
475 596 719 682 repetiverunt.
764 597 863 682 Prop.
887 594 942 658 ΙΠ
966 601 993 676 7,
1019 599 1035 658 1

328 701 434 786 ‘Ergo
458 701 623 767 sollicitae
644 709 685 767 tu
708 724 814 784 causa,
838 701 991 789 pecunia,
1015 700 1149 765 vitaes!'
1198 708 1247 783 23,
1275 707 1290 766 1

327 799 434 894 ‘Ergo
457 817 528 873 tam
552 808 671 874 doctae
694 808 792 874 nobis
815 809 946 896 periere
968 806 1139 872 tabellae!’

305 915 365 981 Ov.
389 913 464 978 Am.
487 915 524 978 H
549 921 576 998 7,
602 921 617 980 1
649 914 755 1001 ‘Ergo
779 913 946 980 sufficiam
973 936 1049 978 reus
1072 913 1110 977 in
1137 936 1226 979 nova
1248 912 1388 990 crimina

961 1020 1127 1108 semper?’

305 1128 406 1194 [trist.
429 1129 484 1192 ΠΙ
508 1138 540 1211 2,
567 1134 582 1193 1
623 1128 729 1215 ‘Ergo
762 1135 835 1194 erat
867 1127 905 1193 in
933 1126 1014 1192 fatis
1042 1126 1221 1213 Scythiam
1253 1148 1387 1211 quoque

960 1234 1070 1300 visere
1093 1233 1241 1299 nestris’.

218 1339 287 1408 Ofr.
311 1340 393 1406 Hor.
418 1341 527 1408 Oarm.
552 1341 569 1405 I
594 1350 648 1425 24,
674 1350 691 1406 5
722 1342 836 1428 ‘Ergo'
861 1348 964 1426 atque
987 1340 1091 1406 verba
1113 1340 1236 1405 Kiessl.
1260 1348 1294 1406 et
1317 1340 1387 1405 Sat.

217 1448 542 1535 110,1‘Nempe'.
587 1448 822 1536 Prop.18,1

330 1554 440 1620 ‘Tune
462 1555 571 1642 igitur
595 1554 741 1639 demens,
764 1578 828 1620 nec
850 1561 886 1620 te
908 1577 982 1620 mea
1005 1577 1085 1619 cura
1107 1553 1290 1620 moratdr?'

218 1661 254 1724 Π
279 1667 318 1726 13
342 1661 386 1744 Β,
413 1668 429 1726 1
464 1662 758 1747 ‘Quandocunqne
781 1661 890 1748 igitur
914 1716 921 1728 .
942 1715 949 1728 .
971 1684 1060 1727 mors
1085 1661 1220 1727 claudet
1243 1661 1387 1727 ocellos'.

218 1768 278 1833 Ov.
302 1767 403 1834 Trist.
427 1768 481 1832 ΙΠ
505 1776 532 1851 9,
559 1776 574 1834 1
601 1768 682 1832 ‘Hic
705 1791 839 1854 quoque
862 1775 943 1834 sunt
966 1768 1075 1854 igitur
1098 1821 1129 1834 ..
1151 1767 1283 1833 urbes?'

307 1875 407 1962 Prop.
430 1875 467 1938 H
490 1882 518 1958 8,
545 1882 584 1940 17
610 1875 680 1940 ‘Sic
702 1876 811 1962 igitur
835 1927 864 1942 ..
887 1875 1031 1940 moriere
1055 1927 1083 1942 ..
1106 1874 1295 1963 Properti?’
1328 1873 1389 1939 ubi

217 1979 356 2046 Lachm.
367 1988 401 2046 et
410 1982 554 2048 Mueller
563 2005 690 2048 novam
703 1983 847 2069 elegiam
861 1989 1046 2070 coeperunt
1059 2004 1171 2066 neque
1180 1980 1389 2047 Ribbeckius

219 2089 364 2175 negavit
388 2089 576 2155 orationem
599 2090 660 2156 vix
682 2089 900 2173 cohaerere.²)

308 2195 474 2262 Simffiter
497 2196 645 2282 deniqne
668 2203 785 2262 noster
812 2203 913 2285 poeta
936 2197 1091 2262 voculam
1115 2195 1186 2260 ‘Et’
1210 2194 1389 2282 usmpavit

111 2305 119 2342 '·
218 2300 236 2368 Ι
261 2308 311 2385 17,
337 2310 353 2368 1
380 2302 439 2368 ‘Et
462 2303 583 2368 meritc
608 2356 614 2368 .
639 2303 654 2370 .’
679 2326 745 2388 quc
770 2302 883 2368 devs.
908 2301 981 2367 dixi
1007 2327 1038 2390 p.
1063 2311 1091 2368 4.
1137 2302 1190 2366 De
1212 2301 1389 2390 particulis

219 2406 305 2472 ‘sed'
343 2415 378 2474 et
420 2411 480 2474 ‘at’
519 2410 620 2474 initio
663 2409 820 2474 carminis
862 2409 1033 2474 collocatis
1070 2408 1161 2491 vide,
1201 2431 1287 2493 quae
1319 2430 1388 2473 mo·

218 2514 352 2579 nuerim
373 2539 404 2602 p.
430 2522 469 2580 17
496 2522 530 2579 et
555 2521 604 2581 18.

310 2629 338 2685 2.
369 2620 488 2686 Laude
513 2621 638 2707 dignus
659 2628 709 2686 est
726 2621 941 2704 Vahlenus2),
965 2621 1057 2707 quod
1072 2621 1219 2687 lectione
1235 2622 1391 2687 codicum

220 2727 291 2792 ‘Et’
315 2727 441 2793 reiecta
465 2727 538 2794 ‘Ut’
563 2729 699 2816 scripsit
721 2751 768 2793 vs.
791 2728 810 2792 I
834 2735 862 2811 8,
888 2735 927 2794 15
953 2727 1010 2794 ‘Ut
1033 2750 1086 2794 me
1110 2728 1259 2793 defixum
1282 2749 1390 2794 vacua

218 2834 371 2924 patiatur
394 2834 455 2918 (sic
478 2834 581 2900 etiarn
604 2835 700 2900 codd.
716 2835 874 2900 litteraO
899 2833 1104 2928 consignati)
1128 2835 1165 2899 in
1188 2857 1246 2899 cra
1270 2889 1276 2901 .
1301 2887 1307 2899 .
1330 2857 1390 2900 vc-

220 2940 318 3005 care'.
354 2940 443 3005 Nam
466 2941 632 3026 Scaligeri
653 2941 873 3028 transpositio
901 2963 1060 3006 versuum
1084 2964 1103 3006 a
1125 2941 1289 3006 Muellerc
1312 2963 1389 3028 prc-

219 3046 302 3113 bata
324 3070 451 3114 nexum
474 3070 688 3134 nequaquam
712 3048 896 3113 adinverat.

310 3161 337 3219 3.
370 3154 486 3238 Usum,
510 3177 577 3239 quo
600 3155 767 3242 particula
790 3155 849 3220 ‘ne’
873 3177 934 3243 pro
958 3158 1006 3219 ‘ut
1029 3154 1108 3219 ncn’
1132 3161 1295 3240 usurpata
1318 3176 1389 3218 esse

218 3260 365 3344 videtur,
389 3268 523 3349 praeter
537 3260 643 3327 verba
651 3259 800 3326 faciendi
813 3262 862 3326 ita
878 3267 1073 3326 constructa
1089 3261 1201 3347 (Prep.
1211 3260 1265 3325 HI
1277 3266 1327 3344 16,
1339 3268 1389 3326 25.

219 3367 280 3433 Ov.
304 3368 399 3432 Rem.
425 3376 498 3434 265,
544 3368 774 3451 Γ1111811176,
802 3375 849 3434 12.
895 3368 950 3431 Ex
972 3368 1084 3433 Ponto
1112 3367 1130 3430 1
1156 3374 1187 3450 1,
1212 3374 1263 3432 65.
1308 3368 1388 3433 Met.

219 3474 293 3539 XII
317 3480 390 3540 282.
422 3475 510 3539 XIV
535 3477 612 3557 353)
641 3496 716 3539 raro
739 3475 890 3539 inveniri
912 3473 1139 3559 Hertzbergic
1164 3474 1273 3539 crede.
1318 3473 1389 3538 Nec

219 3588 336 3646 tamen
357 3604 405 3646 vs.
429 3581 483 3645 ΙΠ
507 3588 557 3665 11,
583 3589 622 3646 24
646 3581 755 3646 solum
777 3581 836 3646 illa
859 3581 996 3646 dicendi
1018 3581 1157 3645 licentia
1181 3580 1389 3664 observatur,
1502 3599 1506 3606 ·

219 3710 339 3756 verum
363 3687 466 3753 etiam
488 3688 525 3752 H
550 3694 577 3771 1,
603 3695 643 3753 68
669 3687 739 3753 ‘ille
762 3687 946 3774 repleverit
969 3739 975 3751 .
1001 3741 1007 3754 .
1036 3687 1087 3752 Ne
1109 3695 1227 3752 tenera
1250 3685 1392 3752 adsidua

221 3795 306 3876 colla
328 3801 518 3881 graventur
540 3794 650 3879 aqua'.
683 3801 717 3860 ct
739 3795 790 3859 IV
815 3801 864 3877 11,
889 3801 929 3859 48

332 3902 395 3967 ‘Mi
417 3908 539 3966 natura
563 3900 659 3966 dedit
682 3901 775 3988 leges
799 3924 818 3966 a
842 3901 1011 3987 sanguine
1034 3900 1162 3983 ductas,

331 4011 384 4074 Ne
406 4031 538 4096 possem
561 4007 680 4074 melier
703 4008 826 4073 indicis
850 4031 920 4073 esse
944 4008 1059 4073 metu'.

311 4170 331 4240 1)
349 4168 404 4224 Cfr.
423 4167 560 4239 Ribbeck,
588 4169 639 4222 Zur
658 4167 814 4238 Erkldmng
837 4168 893 4222 und
915 4167 1008 4222 Kritik
1035 4167 1060 4222 d.
1079 4167 1161 4235 Prop.
1190 4165 1240 4219 Ith.
1263 4165 1332 4219 Mus.
1355 4165 1390 4220 40

221 4256 311 4327 (1885)
330 4275 357 4327 p.
371 4258 431 4312 501.

311 4347 331 4418 Ι)
349 4347 468 4413 Vahlen,
486 4347 652 4403 Monatsber.
672 4348 721 4402 der
738 4347 827 4402 Akad.
847 4365 874 4417 p.
888 4347 948 4402 365.
