3164 5132
712 365 932 423 ..52-

347 537 394 601 Et
418 535 513 624 cupit
536 536 661 602 iratum
684 536 770 601 talos
792 558 846 601 me
869 558 1006 623 poscere
1030 535 1176 601 eburnos

348 642 509 727 Quaeque
533 643 647 707 nitent
670 665 764 708 sacra
787 642 870 707 vilia
894 643 982 708 dona
1005 642 1083 707 viat

324 751 465 815 Praeter
487 749 677 837 principem
701 749 829 835 elegiae
852 769 964 832 nemo,
989 748 1081 834 quod
1104 748 1220 831 sciam,
1243 748 1337 813 illam
1358 749 1423 814 lo·

236 856 366 942 quendi
393 855 673 922 consuetudinem
700 863 835 921 secutus
863 863 914 920 est
941 855 1008 920 nisi
1031 855 1187 938 Ovidius,
1217 855 1277 942 qui
1304 854 1422 920 habet

236 964 273 1028 in
295 964 389 1028 East.
412 963 430 1026 Ι
455 967 518 1028 135
542 961 676 1026 ‘Omnia
699 969 785 1026 tunc
807 962 931 1050 florent
955 1013 962 1027 .
987 1013 993 1026 .

345 1070 394 1134 Et
416 1067 516 1134 modo
540 1119 547 1132 .
571 1120 578 1132 .
602 1069 754 1155 operitur
776 1067 956 1134 frondibus
979 1068 1087 1152 arbor,

346 1175 468 1241 Prodit
492 1182 525 1241 et
548 1175 585 1239 in
608 1197 776 1240 summum
798 1175 937 1240 seminis
960 1175 1064 1240 herba
1088 1176 1208 1256 solum,

346 1283 394 1348 Et
416 1281 571 1369 tepidum
594 1281 747 1346 volucres
772 1332 778 1350 .
802 1333 809 1345 .
833 1289 911 1346 aera
933 1282 1094 1365 mulcent,

346 1389 454 1456 Ludit
478 1396 513 1454 et
536 1389 573 1453 in
596 1387 704 1475 pratis
726 1389 944 1473 luxuriatque
967 1390 1091 1475 pecus’.

307 1497 413 1588 ,Ham
437 1518 609 1583 compares
632 1495 736 1561 velim
765 1496 928 1561 0111111100
951 1518 1065 1580 versu,
1093 1495 1184 1580 quod
1208 1495 1299 1560 idem
1323 1494 1419 1560 dicit

236 1588 549 1668 1110111111
590 1603 692 1668 ‘Vere
723 1603 838 1667 nitent
870 1609 1043 1667 101100..
1089 1603 1188 1668 Nune
1220 1602 1377 1667 herbae.
1409 1654 1417 1666 .

236 1709 411 1775 cacumina
434 1709 574 1774 tollunt:
607 1709 709 1774 Nunc
732 1731 880 1796 gemmas
905 1760 911 1772 .
936 1760 942 1772 .
966 1709 1094 1796 palmes
1117 1709 1212 1796 agit’.

324 1816 443 1901 Neque
471 1815 580 1881 solum
606 1816 644 1880 in
672 1814 894 1900 sequentibus
918 1815 1077 1880 membris
1101 1817 1258 1881 voculam
1282 1815 1414 1881 ‘modo’

236 1905 445 2008 cogitatione
469 1921 550 1987 addi
572 1929 717 2007 uterque
740 1930 841 2010 poeta
864 1922 976 2006 iussit,
1000 1945 1120 1988 verum
1142 1923 1180 1987 111
1203 1921 1414 1988 anteceden-

234 2028 327 2094 tibus
352 2028 455 2094 etiam
478 2030 649 2094 enuntiati
671 2029 835 2116 partibus.
880 2029 992 2094 Locus
1016 2030 1077 2095 Ov.
1101 2029 1155 2094 Tr.
1178 2030 1214 2094 H
1240 2037 1302 2095 150

216 2145 219 2150 '
346 2135 406 2200 ‘Ae
429 2135 538 2202 veluti
561 2136 674 2202 ventis
698 2135 910 2222 agitantibus
933 2143 1011 2201 0010
1034 2159 1104 2202 11011
1128 2145 1179 2202 001
1230 2205 1234 2214 ,

344 2242 508 2327 Aequalis
531 2242 641 2308 rabies
666 2243 917 2328 continuusque
939 2241 1043 2326 furor,

345 2349 414 2415 Sed
437 2349 536 2415 modo
560 2349 743 2415 subsidunt
766 2350 1018 2435 intermissique
1042 2350 1225 2416 silescunt'.

234 2455 444 2539 nonhabet,
474 2456 554 2540 quia
577 2463 651 2521 tota
674 2457 845 2522 sententia
868 2457 1066 2544 suppleatur
1094 2465 1242 2544 oportet,
1271 2463 1411 2522 tantum

234 2563 376 2651 pondua,
400 2569 568 2647 quantum
592 2563 742 2628 eiusdem
764 2570 884 2650 poetae
907 2586 1025 2629 versus
1049 2564 1102 2628 Tr.
1127 2565 1163 2628 H
1187 2571 1249 2629 528

136 2657 137 2662 ¹
347 2668 417 2734 ‘Sic
440 2668 592 2734 madidos
617 2669 721 2733 siccat
744 2669 864 2756 digitis
888 2670 1004 2736 Venus
1027 2670 1095 2736 uda
1119 2671 1266 2758 capillos,

345 2775 393 2839 Et
416 2774 516 2840 modo
539 2777 703 2841 maternis
727 2784 818 2842 tecta
840 2777 980 2843 videtur
1002 2778 1121 2863 aquis'.

323 2881 380 2947 Ad
402 2882 467 2946 hoo
491 2883 682 2969 exemplum
706 2882 910 2970 exigendam
934 2907 1005 2949 esse
1029 2884 1176 2949 arbitror
1200 2891 1408 2949 structuram

235 2989 407 3054 enuntiati
429 2990 529 3076 Prop.
552 2990 570 3053 I
597 2997 645 3073 11,
672 2999 685 3054 1

346 3096 494 3181 ‘Ecquid
517 3103 553 3161 10
576 3097 696 3162 mediis
721 3106 915 3182 cessantem,
940 3098 1101 3185 Cynthia,
1124 3098 1226 3182 Baiis,

347 3203 421 3280 Qua
444 3202 533 3268 iacet
555 3203 734 3270 Herculeis
758 3205 878 3270 semita
901 3201 1067 3288 litoribus,

345 3309 393 3373 Et
416 3308 515 3373 modo
539 3315 574 3374 te
596 3310 714 3376 Protei
736 3312 918 3377 mirantem
940 3311 1078 3377 subdita
1100 3335 1207 3398 regno

345 3415 504 3480 Proxima
526 3415 668 3480 Misenis
691 3439 838 3501 aequora
853 3469 859 3482 .
931 3418 1049 3483 Nostri
1072 3442 1152 3484 eura
1175 3419 1299 3484 subit?’

322 3521 463 3586 Etenim
496 3522 587 3606 quod
615 3523 720 3588 verba
748 3524 881 3590 ‘mediis
910 3534 1096 3591 cessantem
1119 3527 1226 3591 Baiis’
1251 3527 1407 3614 opposita

235 3634 316 3692 sunt
338 3627 479 3692 vocibus
503 3629 695 3694 ‘mirantem
718 3631 872 3718 proxima
886 3633 1026 3697 Misenis
1042 3635 1208 3719 aequora’,
1233 3635 1406 3718 concedes,

234 3734 360 3799 auxilio
392 3735 523 3820 figurae
555 3732 624 3801 ἀπὸ
652 3737 759 3802 κοινοῦ
787 3738 987 3804 adverbium
1011 3741 1137 3806 ‘modo'
1165 3741 1406 3806 attrahendum

234 3839 277 3904 ad
304 3840 524 3928 participium
551 3844 763 3909 ‘cessantem'
793 3868 916 3930 neque*
932 3846 1143 3933 probandam
1171 3871 1241 3913 esse
1269 3856 1406 3914 senten-

233 3948 318 4011 tiam
337 3947 470 4012 Handii
493 3948 559 4032 (IH
577 3953 662 4033 642),
687 3951 746 4035 qui
761 3953 925 4017 *voculam
949 3954 1069 4021 ‘modo'
1094 3955 1288 4041 germanice
1310 3955 1404 4038 eben,

234 4052 360 4138 gerade
383 4053 543 4120 reddidit.

322 4159 478 4225 Eandem
500 4161 664 4247 loquendi
688 4164 915 4232 subtilitatem
938 4169 1074 4256 repperi
1097 4191 1144 4233 vs.
1169 4170 1223 4233 [H
1249 4175 1297 4253 14,
1323 4177 1341 4234 9
1397 4247 1400 4254 ¹

346 4266 459 4330 ‘Nunc
482 4267 569 4353 ligat
582 4303 623 4334 v..
648 4270 806 4336 bracchia
831 4323 861 4336 ..
885 4274 1014 4340 Μ100110
1037 4298 1128 4341 1111110
1153 4275 1238 4340 disci
1254 4327 1260 4340 .
1278 4327 1284 4340 .
1305 4284 1405 4361 rotat,

345 4371 478 4459 Gyrum
500 4375 614 4462 pulsat
638 4377 741 4462 equis,
765 4378 906 4464 niveum
928 4380 1017 4445 latus
1041 4403 1119 4446 ense
1143 4381 1300 4468 revincit,
