3164 5132
674 240 895 297 ...24-

192 410 348 478 01111111
371 409 577 474 sententiam
599 410 799 497 plerumque
825 409 929 474 habet
951 409 1073 476 vocula
1096 410 1267 494 ‘namque'
1296 407 1364 496 (cfr

199 517 217 581 Ι
242 525 292 601 20,
313 523 362 583 17.
395 517 431 581 11
455 522 573 600 21,12.
605 516 727 600 11113,
745 522 794 582 11.
821 524 871 600 11,
896 523 946 581 21.
977 516 1027 580 IV
1045 522 1072 599 1,
1098 523 1153 599 sn
1179 520 1268 600 109);
1293 539 1374 582 cau.-

200 647 270 689 sam
301 623 365 687 hac
396 622 566 710 particula
601 623 787 703 indicatam
824 622 942 688 inveni
978 623 1092 706 1125,
1118 631 1168 689 31.
1208 624 1259 690 IV
1285 631 1317 708 7,
1342 631 1373 690 3.

199 731 264 795 1111
286 728 538 816 argumentatio
565 730 621 794 vel
649 729 830 816 explicatio
858 729 1138 815 interrogationis
1167 731 1267 816 signo
1291 753 1374 798 con-

200 838 336 924 signata
359 842 411 900 111
955 837 958 844 ’
1010 895 1012 902 ,

161 938 162 942 ’
311 943 330 1006 Ι
355 948 407 1026 14,
433 947 472 1007 15
508 941 608 1006 ‘Nam
633 942 708 1027 quis
733 941 864 1006 divitiis
889 942 1031 1007 adverso
1063 943 1191 1029 gaudet
1213 943 1372 1010 Amore?'

199 1050 234 1114 Π
258 1059 291 1133 4,
317 1056 366 1114 15.
402 1054 456 1132 11,
481 1057 531 1114 45.
577 1048 631 1112 ΙΠ
666 1057 697 1132 1,
722 1056 772 1113 25.
818 1048 869 1114 IV
893 1055 925 1132 3,
951 1055 1001 1113 51.
1060 1049 1113 1114 De
1145 1072 1192 1114 vs.
1217 1050 1236 1114 Ι
1261 1057 1294 1133 a,
1320 1057 1359 1115 11

201 1157 238 1221 Π
262 1164 313 1240 32,
338 1163 356 1220 3
380 1155 436 1221 vd.
459 1153 559 1220 infra.
1052 1231 1054 1235 Ι

295 1270 321 1328 7.
353 1261 409 1327 Ab
432 1260 485 1326 his
501 1260 583 1326 locis
599 1261 633 1344 ii,
657 1260 780 1346 quibus
797 1261 899 1326 ‘nam’
918 1261 1113 1327 coniunctio
1133 1261 1264 1327 indicat
1278 1285 1374 1349 prae·

204 1369 411 1453 tentionem,
434 1368 690 1434 internoscendi
713 1374 802 1446 sunt.
840 1368 890 1432 IV
915 1377 942 1451 8,
968 1375 1008 1433 38
1138 1429 1141 1436 .

315 1475 444 1541 ‘Serica
466 1497 546 1540 nam
569 1482 712 1540 taceo..
737 1482 899 1561 carpenta
921 1475 1078 1563 nepotis’.
1118 1483 1146 1558 2,
1171 1482 1210 1540 41

314 1583 414 1647 ‘Nam
438 1581 521 1667 quid
544 1604 608 1668 ego
632 1580 783 1665 adiciam,
808 1581 850 1646 de
874 1604 941 1666 quo
956 1581 1042 1645 mihi
1057 1582 1204 1646 maxima
1218 1579 1372 1647 famast?'

202 1689 256 1754 HI
273 1696 323 1772 19,
346 1695 396 1754 17.
436 1688 534 1766 Quod
557 1688 601 1753 ad
624 1687 712 1752 hanc
734 1687 899 1772 loquendi
921 1688 1199 1753 consuetudinem
1221 1688 1375 1754 revocari

202 1818 337 1860 necesse
361 1802 420 1879 111,
445 1795 662 1860 enuntiatum
684 1794 739 1858 HI
764 1801 813 1878 11,
839 1800 877 1859 27

316 1903 415 1967 ‘Nam
439 1901 523 1987 quid
547 1923 611 1988 ego
626 1901 753 1985 heroas,
778 1901 861 1986 quid
877 1903 1009 1989 raptem
1031 1901 1069 1966 in
1085 1901 1228 1967 crimina
1243 1900 1372 1967 divos?’

203 2008 506 2096 interrogationem
520 2009 675 2073 Kuttner
690 2009 835 2095 putavit.
862 2007 912 2071 At
927 2015 1165 2095 praeterquam
1181 2007 1272 2093 quod
1287 2008 1375 2073 nihil

201 2116 278 2182 veri
300 2115 372 2180 illic
396 2115 579 2200 quaeritur,
604 2114 697 2179 docti
719 2114 831 2178 adhuc
854 2113 1041 2200 ambigunt,
1064 2121 1181 2179 utrum
1201 2115 1374 2201 Vergilius

205 2222 409 2289 comicorum
424 2244 552 2286 morem
568 2220 704 2285 dicendi
722 2227 865 2304 secutus,
889 2219 1069 2285 formulam
1093 2225 1185 2286 ‘nam
1208 2222 1296 2307 quis'
1312 2244 1374 2309 pro

203 2330 385 2416 ‘quisnam’
414 2336 502 2394 teste
526 2328 646 2394 Servio
674 2329 904 2414 usurpaverit,
933 2351 977 2392 an
1001 2328 1195 2415 explicandi
1218 2330 1315 2394 notio
1337 2329 1375 2394 in

203 2437 329 2502 causali
353 2434 593 2500 coniunctione
617 2441 758 2499 constet.
766 2435 791 2518 1)
821 2434 942 2519 Neque
957 2457 1038 2500 1110
1062 2457 1132 2500 non
1154 2435 1270 2500 mirari
1285 2436 1375 2520 licet,

202 2544 417 2607 Kuttnerum
439 2541 491 2604 illi
507 2541 659 2627 exemplo
683 2563 730 2605 vs.
754 2541 817 2624 13,
835 2547 874 2606 37
901 2546 936 2605 et
958 2541 995 2605 H
1012 2548 1061 2625 32,
1080 2549 1098 2606 3
1122 2563 1192 2606 non
1215 2541 1375 2607 adnume-

202 2672 301 2733 rasse,
321 2648 382 2713 ubi
397 2647 566 2735 particula
582 2647 723 2712 causalis
738 2646 823 2712 mihi
839 2646 978 2732 quidem
994 2645 1233 2713 difficultatem
1249 2648 1374 2713 attulit.

203 2757 388 2840 Postquam
410 2777 536 2819 nexum
560 2754 689 2819 diutius
712 2777 844 2818 mecum
859 2754 1021 2838 volutavi,
1045 2755 1129 2819 mihi
1147 2755 1307 2843 persuasi,
1330 2777 1374 2819 ne

203 2861 252 2928 ibi
289 2860 426 2946 quidem
456 2860 760 2947 interrogationem
792 2883 811 2924 1
844 2860 1085 2925 coniunctione
1122 2861 1250 2926 induci
1298 2861 1374 2949 Ipse

204 2968 326 3034 iudica.

316 3073 479 3139 ‘Tandem
502 3080 588 3138 te..
612 3073 789 3138 iniuria..
814 3074 953 3138 alterius
974 3125 1004 3137 ..
1029 3073 1161 3161 expulit
1185 3098 1203 3139 e
1225 3073 1376 3140 foribus?

314 3181 470 3264 Namque
493 3179 555 3244 ubi
576 3181 680 3266 longa
702 3202 796 3244 meae
820 3181 1029 3267 consumpsti
1051 3186 1204 3267 tempora
1227 3181 1338 3248 noctis
1442 3171 1443 3174 ¹

314 3285 516 3372 Languidus
540 3287 667 3352 exactis
690 3283 855 3350 heimihi
878 3284 1077 3350 sideribus?’

203 3394 224 3458 i.
241 3416 267 3458 1.
291 3414 371 3457 nam
392 3398 428 3456 te
452 3415 470 3457 e
493 3393 633 3458 alterius
657 3390 787 3457 foribus
812 3385 989 3480 expulsum
1012 3415 1083 3457 1111
1102 3393 1183 3458 inde
1199 3416 1375 3480 cognosce,

204 3498 296 3585 quod
318 3498 500 3584 languidus
524 3522 615 3564 nunc
632 3499 767 3564 demum
790 3498 834 3563 ad
852 3522 907 3564 me
923 3499 1058 3564 venisti.
1091 3498 1185 3566 ‘Ubi'
1202 3508 1299 3568 verto
1322 3523 1374 3567 wo

204 3615 306 3674 101111.
344 3605 444 3671 Alter
470 3608 564 3672 locus
592 3614 643 3672 est
671 3606 769 3672 ‘facti
795 3608 925 3672 lumina
953 3607 1082 3673 crimen
1104 3607 1242 3673 habent.
1288 3608 1376 3673 Nam

205 3713 289 3800 quid
311 3714 490 3800 Pmenesti
513 3765 519 3778 .
541 3765 547 3777 .
572 3720 692 3798 sortes,
726 3713 817 3792 Quid
849 3713 937 3801 petis
962 3765 969 3778 .
991 3764 997 3778 .
1021 3714 1156 3779 moenia
1178 3713 1374 3799 Telegoni?'

204 3821 225 3885 i.
242 3843 267 3885 e.
290 3842 370 3884 nam
392 3818 460 3883 nisi
483 3819 526 3884 ad
549 3819 616 3885 ista
638 3821 712 3885 loca
734 3827 770 3886 te
794 3818 972 3904 conferres,
995 3843 1094 3886 nemo
1114 3827 1151 3885 te
1167 3821 1377 3908 conspiceret

204 3948 316 4011 neque
340 3925 383 3990 ad
405 3926 617 4014 peccandum
640 3927 838 3993 sollicitaret
862 3930 981 4011 (11.1).

293 4032 382 4097 Inde
395 4033 593 4120 Propertius
609 4034 725 4121 pergit
749 4034 836 4099 ‘Hoc
859 4035 991 4099 utinam
1007 4034 1152 4122 spatiere
1172 4034 1246 4100 loco
1262 4085 1270 4098 .
1286 4085 1292 4098 .
1316 4033 1376 4099 sed

205 4189 418 4196 ———--·——-—-—-—

294 4264 315 4332 ¹)
333 4262 416 4332 Verg.
427 4261 507 4318 Geor.
520 4263 558 4317 IV
570 4264 631 4318 445.
650 4264 719 4318 Aen.
732 4263 757 4318 11
771 4264 831 4319 373.
856 4263 909 4322 cfr.
919 4264 1029 4333 Forbig.
1043 4263 1079 4318 ad
1091 4264 1118 4319 h.
1128 4264 1146 4318 l.
1160 4263 1260 4334 Draeg.
1273 4264 1299 4318 Il
1312 4265 1373 4322 160.
