3164 5132
647 344 867 404 -19-

168 513 222 582 ΠΙ
247 523 275 598 7,
299 522 350 580 46.
383 515 556 581 Particula
579 516 719 581 ‘tamen’
740 516 838 582 nobis
862 516 1004 584 offertur
1026 520 1081 585 ΠΙ
1106 527 1156 605 15,
1173 529 1213 589 32
1239 523 1343 610 ί8611,

168 627 284 687 tamen
314 622 425 709 pietas
449 623 494 688 ..'
541 621 609 687 Ofr.
639 622 712 687 Tib.
740 623 758 687 Ι
782 630 814 708 9,
840 632 859 688 4
893 625 1000 709 ι8611,
1033 633 1148 692 tamen
1176 679 1204 694 ..
1232 653 1344 718 poena

168 727 286 793 venit'.
325 729 427 816 Verg.
443 729 515 794 Ecl.
538 730 556 794 Ι
579 736 618 794 27
644 729 823 814 ‘Libertas
847 754 933 816 quae
957 755 1032 798 sera
1053 739 1169 800 tamen
1192 738 1343 826 respexit
1400 745 1403 751 '

167 833 335 900 inertem'.
382 836 441 901 Ον.
465 835 541 903 Am.
563 837 618 901 HI
642 844 670 921 6,
697 843 746 902 71.

259 941 390 1018 Quibus
413 943 574 1031 exemplis
598 944 892 1010 adnumerandum
906 967 977 1012 esse
992 969 1111 1014 censeo
1126 951 1343 1016 enuntiatum

167 1048 223 1112 III
247 1054 297 1132 15,
321 1055 362 1114 23
391 1051 546 1117 ‘Invocat
568 1050 719 1139 Antiope
743 1069 844 1136 quem
866 1052 936 1118 nisi
957 1053 1076 1120 vincta
1098 1054 1236 1122 Iovem?

281 1154 366 1239 Sola,
389 1163 506 1222 tamen
529 1209 535 1222 .
556 1209 562 1222 .
586 1158 734 1245 Regales
757 1157 907 1224 manicas
928 1160 1046 1247 rupit’.

169 1261 242 1346 ubi,
278 1262 369 1347 quod
401 1265 678 1330 coniunctionem
713 1289 733 1330 a
764 1266 983 1352 praecedenti
1018 1289 1103 1333 voce
1136 1270 1232 1334 ‘sola’
1271 1293 1342 1337 non

170 1369 413 1454 distinxerunt,
442 1371 554 1437 critici
580 1394 650 1438 non
677 1380 769 1438 recte
796 1370 916 1438 fecisse
943 1371 1029 1438 milri
1052 1373 1238 1441 videntur(
1269 1378 1342 1444 Neo

168 1483 282 1541 temen
304 1477 468 1564 negarim,
495 1479 533 1543 in
559 1479 731 1545 talismodi
752 1479 931 1545 sententiis
958 1481 1163 1568 particulam
1185 1482 1342 1549 adversa-

93 1671 96 1676 .
166 1581 275 1647 tivam
298 1606 398 1671 saepe
420 1585 592 1673 pertinere
616 1585 660 1650 ad
674 1592 787 1652 totum
802 1608 946 1671 versum,
970 1609 1070 1672 quem
1089 1587 1140 1654 ita
1155 1590 1342 1676 continuat,

166 1696 207 1754 ut
229 1711 305 1754 acre
328 1692 537 1757 contrarium
559 1714 631 1757 non
653 1693 833 1758 sentiatur:
869 1693 924 1757 HI
949 1702 977 1778 7,
1003 1701 1043 1758 55

279 1798 416 1863 ‘Paetus
439 1805 479 1863 ut
502 1798 680 1883 occideret,
703 1806 758 1865 tot
781 1799 890 1864 coiere
912 1799 1009 1864 mala.

278 1903 382 1968 Flens
404 1911 520 1970 tamen
544 1905 703 1970 extremis
727 1905 824 1970 dedit
847 1905 930 1970 hacc
955 1956 986 1971 ..
1010 1908 1191 1992 querellis'.

279 2011 339 2076 Ov.
354 2011 434 2076 Met.
449 2012 504 2075 ΠΙ
519 2018 581 2077 719
607 2013 690 2077 ‘ruit
714 2012 822 2077 omnis
844 2013 882 2076 in
904 2035 1013 2077 unum
1027 2013 1142 2079 Turba
1164 2013 1281 2080 furens

278 2117 420 2183 Saucius
443 2119 501 2184 1116
523 2125 639 2183 tamen
663 2117 728 2184 ‘fer
751 2141 857 2206 opem,
880 2121 1081 2204 matertera',
1105 2121 1210 2186 dixit’.

259 2233 288 2289 7.
321 2225 396 2302 Qua
418 2226 550 2291 ratione
568 2233 688 2313 poetae
710 2226 747 2290 in
761 2225 973 2312 opponendis
987 2227 1165 2292 sententiis
1184 2228 1341 2294 voculam

168 2331 306 2396 ‘tamen’
330 2330 647 2417 frequentaverunt.
694 2333 793 2420 Prop.
815 2332 833 2397 1
859 2339 908 2416 17,
933 2340 951 2397 9

279 2438 344 2503 ‘Tu
366 2446 483 2504 tamen
504 2439 542 2504 in
564 2439 684 2504 melius
708 2462 824 2504 saevas
849 2446 1011 2505 converte
1036 2439 1202 2524 querellas
1226 2491 1232 2505 .
1256 2492 1263 2506 .

277 2543 334 2608 An
356 2546 483 2632 poteris
507 2546 604 2610 siccis
627 2568 702 2611 mea
724 2544 797 2611 fata
820 2567 991 2634 opponere
1016 2546 1161 2611 ocellis?’

256 2652 316 2717 Ov.
339 2651 420 2717 Met.
443 2652 498 2716 lX
522 2659 585 2717 326
610 2652 671 2718 ι’16
693 2660 809 2718 tamen
824 2703 854 2718 ..
877 2653 1008 2718 alienae
1032 2706 1062 2721 ..
1084 2660 1200 2719 movet
1221 2653 1339 2738 facies;

167 2756 250 2842 quid
283 2758 312 2822 si
337 2758 403 2823 tibi
431 2811 469 2825 ..
501 2759 624 2824 sororis
656 2759 775 2826 Fata.
799 2811 806 2824 .
830 2756 1006 2824 referaml’
1053 2758 1129 2828 Am
1152 2761 1206 2825 ΙΠ
1230 2769 1264 2846 2,
1288 2767 1338 2828 21.

166 2865 265 2952 Prop.
294 2866 330 2930 H
360 2872 413 2950 13,
444 2873 482 2931 51
528 2865 593 2931 ‘Tu
625 2874 742 2931 tamen
773 2867 894 2932 amisso
930 2889 1000 2932 non
1036 2889 1211 2953 nunquam
1241 2867 1339 2934 flebis

167 2973 287 3037 amieo:
325 2973 392 3037 Fas
416 2979 468 3038 611
490 2973 692 3060 praeteritos
715 2995 847 3062 semper
869 2995 981 3038 amare
1005 2973 1098 3040 viros
1122 3028 1128 3040 .
1153 3025 1159 3038 .
1185 3026 1191 3039 .
1215 3026 1221 3039 .
1322 2963 1323 2966 ¹

277 3078 346 3145 Sed
368 3078 496 3144 frustra
519 3087 631 3146 mutos
654 3079 837 3164 revocabis,
862 3079 1021 3166 Cynthia,
1045 3080 1181 3147 manes'.

255 3186 306 3251 IV
331 3192 380 3270 11,
406 3193 445 3251 85
472 3186 553 3252 ‘Seu
574 3194 690 3251 tamen
714 3238 721 3251 .
744 3236 752 3251 .
775 3187 918 3252 mutarit
940 3187 1044 3252 ianua
1066 3187 1193 3252 lectum
1217 3239 1223 3252 .
1248 3238 1255 3252 .

277 3292 345 3358 Seu
354 3315 481 3358 memor
496 3293 555 3358 ille
569 3315 644 3358 mea
660 3300 841 3358 contentus
855 3294 1018 3358 manserit
1032 3292 1174 3359 umbra’.
1199 3299 1259 3378 (vs.
1274 3299 1339 3380 91).

254 3399 309 3464 ΠΙ
334 3406 383 3483 12,
409 3407 425 3464 7
452 3400 517 3465 ‘Tu
539 3407 654 3465 tamen
676 3400 805 3465 iniecta
826 3406 946 3483 tectus²
971 3422 1104 3485 vesane,
1127 3401 1263 3467 lacerna

276 3505 415 3572 Potabis
438 3507 537 3593 galea
559 3504 667 3572 fessus
689 3505 813 3571 Araxis
836 3527 967 3591 aquam.

275 3613 340 3678 Illa
363 3612 501 3698 quidem
524 3613 599 3696 (1.6.
623 3613 815 3696 sicherlich)
839 3663 845 3676 .
870 3603 1053 3678 ,tabescet
1077 3664 1083 3678 .
1107 3612 1123 3680 .’

254 3720 315 3784 Ov.
328 3719 410 3787 Met.
424 3718 457 3783 V
472 3726 535 3785 200
560 3719 621 3784 ‘Hi
643 3726 759 3784 tamen
774 3769 802 3786 ..
825 3741 951 3806 poenas
972 3718 1105 3784 subiere
1129 3771 1135 3784 .
1159 3720 1219 3786 sed
1231 3721 1337 3790 unus’.

253 3825 308 3890 IX
332 3833 373 3892 98
399 3825 514 3890 ‘Hunc
536 3832 653 3890 tamen
676 3876 684 3889 .
709 3879 716 3892 .
739 3824 871 3890 domuit
892 3823 1026 3890 iactura
1050 3824 1181 3892 decoris
1205 3877 1211 3891 .
1236 3879 1242 3892 .
1287 3825 1339 3894 At

164 3938 208 4015 te,
230 3931 353 3997 Nesse’.
385 3931 477 3996 ΧΙΠ
498 3938 570 3998 740.
602 3929 829 4016 Am.14,41.
857 3931 1073 4017 11111118,
1090 3941 1140 3999 25.
1173 3933 1338 4018 1113‚s1.

165 4037 238 4104 (111.
263 4045 314 4122 64,
339 4045 401 4103 249
426 4038 534 4115 ‘Quae
560 4047 676 4104 tamen
700 4091 731 4105 ..
754 4036 964 4104 volvebat..
988 4061 1094 4105 curas.
1117 4037 1196 4106 At.
1219 4093 1226 4106 .
1252 4041 1338 4106 voli·

163 4144 262 4210 tabat
283 4145 448 4213 Iacchus’.

253 4253 314 4319 Ov.
337 4251 412 4317 Art
436 4275 498 4320 am.
521 4253 557 4318 Π
581 4260 643 4319 405
674 4252 782 4318 ‘Haec
803 4261 918 4319 tamen
942 4252 1107 4318 audierat
1145 4252 1338 4320 Priameide

164 4358 299 4426 viderat
320 4359 452 4447 ipsam’.
1086 4452 1102 4505 2

1107 4454 1123 4488 s
