3164 5132
665 813 783 910 Caput
810 799 873 888 ΙΠ.

585 985 658 1083 lle
690 984 953 1085 adverbiis,

272 1190 299 1250 1.
338 1182 552 1250 Adverbium
577 1183 682 1249 ‘ante'
705 1191 808 1271 poeta
831 1182 991 1249 adhibuit
1018 1183 1062 1250 ad
1090 1184 1354 1272 significandum

179 1291 292 1356 locum
314 1314 362 1357 vs.
378 1291 432 1355 HI
450 1297 499 1373 16,
518 1297 558 1355 16
583 1295 754 1355 ‘accensas
776 1291 928 1378 percutit
950 1297 1030 1356 61166
1052 1289 1165 1357 faees'.
1205 1291 1353 1362 01606.

179 1395 254 1463 Art.
278 1419 340 1462 am.
364 1396 382 1461 I
407 1405 470 1462 544
500 1396 581 1462 ‘Vix
604 1396 712 1481 sedet,
735 1405 771 1462 et
793 1419 924 1484 pressas
948 1397 1104 1464 continet
1128 1407 1209 1465 ante
1231 1400 1353 1468 iubas’.

179 1503 260 1572 Met.
276 1504 363 1571 VHI
388 1511 451 1570 213
476 1505 673 1592 pennisque
697 1505 830 1570 levatus
853 1504 946 1570 Ante
969 1506 1086 1572 volat'.
1124 1507 1205 1572 Alia
1225 1507 1354 1575 Tibulli

180 1619 214 1676 et
236 1610 339 1698 Verg.
363 1611 543 1677 adnotavit
566 1611 680 1676 Hand.
703 1611 721 1676 I
746 1618 818 1676 366.

268 1725 297 1782 2.
336 1718 621 1784 Consecutionem
644 1718 766 1806 ‘primo
783 1757 826 1766 —
843 1717 967 1783 dehinc
991 1723 1081 1807 (post
1102 1719 1213 1808 haec)’
1237 1729 1353 1788 noster

178 1824 319 1912 praebet
341 1825 377 1890 H
401 1833 430 1908 3,
454 1831 506 1908 49,
529 1825 584 1890 cui
608 1824 793 1890 elocutioni
809 1825 944 1891 Sallust.
969 1826 1121 1913 etVerg.
1139 1827 1271 1893 sam
1288 1837 1351 1895 166

178 1933 340 2020 ‘primum
368 1971 408 1980 —
443 1930 580 1997 dehinc'
613 1931 858 2019 praetulerunt.
910 1932 1148 1999 Pleonasmum
1180 1936 1353 2023 Propertii

179 2060 335 2126 comparo
364 2060 441 2103 cum
468 2037 634 2104 similibus
658 2038 814 2104 formulis
838 2041 928 2126 ‘post
954 2038 1046 2103 hinc’
1077 2044 1140 2127 (ap.
1165 2041 1267 2128 Verg.
1291 2042 1351 2108 Ge.

177 2146 232 2210 IH
249 2153 321 2211 300.
352 2144 437 2211 Aen
453 2146 541 2210 VIII
557 2149 634 2229 646)
658 2155 761 2230 atque
785 2151 877 2211 ‘mox
893 2145 1029 2211 dcinde'
1051 2148 1115 2234 (ap.
1132 2147 1205 2212 Tib.
1221 2149 1237 2213 I
1254 2158 1283 2233 6,
1301 2157 1351 2216 73.

177 2254 238 2319 Ov.
262 2253 343 2318 Met.
367 2253 422 2317 IX
448 2259 519 2318 143.
557 2253 631 2318 Iuv.
655 2253 710 2318 HI
735 2255 821 2338 230).

266 2361 381 2426 Verba
404 2359 543 2424 ‘deinde
566 2358 639 2424 ubi’
665 2359 849 2425 coniuncta
872 2359 1066 2425 offeruntur
1088 2383 1135 2426 vs.
1158 2360 1195 2425 H
1220 2367 1270 2446 13,
1295 2369 1351 2446 313

180 2476 229 2552 16,
254 2475 286 2551 93
313 2475 363 2551 23,
390 2474 417 2531 7.
462 2465 515 2531 De
539 2466 689 2532 dictione
714 2470 805 2531 ‘mox
828 2464 901 2530 ubi'
925 2466 980 2531 vd.
1004 2490 1035 2554 p.
1054 2474 1104 2534 31.

268 2583 295 2640 3.
335 2574 471 2660 ‘Magis’
495 2572 696 2640 adverbium
719 2581 841 2661 poetae
870 2595 947 2638 cum
970 2572 1121 2640 ablativo
1145 2573 1352 2642 substantivi

178 2681 364 2770 comparati
390 2680 565 2746 interdum
595 2686 859 2768 composuerunt
890 2703 1002 2765 neque
1031 2703 1244 2748 commoveor
1275 2706 1351 2748 sen-

176 2789 287 2856 tentia
308 2788 455 2853 Feltinii
478 2788 554 2872 (10.
579 2809 610 2874 p.
629 2789 693 2875 25),
717 2787 777 2873 qui
800 2809 852 2875 ap.
876 2789 930 2852 Pr.
954 2788 972 2851 I
997 2796 1025 2873 1,
1049 2795 1092 2852 22

288 2894 348 2959 ‘Et
370 2892 474 2959 facite
496 2894 556 2959 1116
578 2916 652 2959 11166
676 2895 803 2981 palleat
826 2915 884 2959 ore
907 2893 1037 2979 magis’.

176 3002 365 3067 ablativum
381 3001 548 3065 causalem
564 3023 634 3066 6666
650 3001 887 3087 accipiendum
897 3001 1036 3066 censuit.
1063 3001 1131 3066 Cfr.
1143 3001 1215 3067 Cat.
1228 3009 1350 3087 64,100

176 3108 297 3195 ‘magis
319 3106 456 3194 fulgore
480 3107 645 3194 expalluit
668 3107 764 3173 auri’.
810 3107 871 3172 Ov.
894 3101 957 3172 Ex⁴
972 3109 1008 3172 P.
1032 3108 1084 3173 IV
1108 3115 1158 3192 14,
1183 3117 1234 3174 36.

265 3215 370 3280 Paulo
395 3214 596 3299 exquisitius
620 3221 684 3297 est,
719 3213 811 3299 quod
834 3215 933 3301 Prop.
957 3214 1093 3302 scripsit
1117 3237 1165 3281 vs.
1188 3216 1226 3279 H
1250 3223 1283 3300 3,
1308 3225 1349 3282 53

288 3320 410 3397 ‘Quem
432 3343 504 3387 non
527 3321 630 3404 lucre,
652 3321 761 3407 magis
785 3321 872 3386 Pero
894 3318 1042 3386 formosa
1065 3321 1200 3408 coegit'.

176 3428 245 3496 cfr.
269 3428 341 3495 Cat.
368 3434 417 3512 68,
443 3436 484 3493 30
509 3427 593 3492 ι111.
617 3479 624 3491 .
648 3450 719 3493 non
743 3435 794 3492 est
817 3435 927 3514 turpe,
950 3427 1059 3514 magis
1082 3428 1296 3495 miserumst'.

266 3546 294 3601 4.
333 3534 551 3621 Propertium
583 3533 757 3600 enuntiati
788 3532 935 3600 formula
963 3534 1075 3601 ‘modo
1105 3575 1147 3584 -
1176 3537 1223 3601 et’
1251 3559 1350 3602 usum

176 3643 403 3709 elocutionem
430 3664 587 3728 graecam
613 3641 695 3706 ποτὲ
722 3641 780 3723 μὲν
802 3679 846 3690 -
868 3642 923 3706 καὶ
949 3641 1122 3706 imitatum
1150 3643 1350 3708 6666111661-

175 3749 328 3837 pretibus
361 3749 443 3814 satis
468 3749 579 3814 visum
612 3757 664 3814 est
695 3746 864 3813 affirmare
896 3769 1008 3834 neque
1035 3749 1215 3834 quisquam
1241 3749 1351 3814 nostri

175 3855 370 3921 testimonIo
394 3863 455 3920 666
476 3855 562 3920 alius
586 3861 706 3942 poetae
727 3852 827 3920 fulsit
849 3855 961 3920 locum
983 3855 1001 3920 Ι
1027 3861 1054 3939 1,
1080 3862 1118 3921 11
1331 3844 1337 3852 ’

287 3962 388 4028 ‘Nam
409 3962 510 4029 modo
533 3961 728 4028 Partheniis
752 3983 867 4026 amens
891 3961 1027 4027 errabat
1048 3961 1086 4026 in
1109 3961 1226 4046 antris,

286 4069 365 4134 Ibat
388 4077 423 4134 et
445 4070 594 4134 hirsutas
617 4069 677 4134 ille
700 4068 817 4134 videre
840 4066 952 4134 feras’.

176 4176 244 4262 Sed
267 4177 385 4242 eadem
407 4177 541 4242 ratione
564 4175 654 4240 dixit
676 4177 776 4262 Prop.
799 4198 847 4241 vs.
871 4176 907 4239 H
932 4183 983 4259 24,
1008 4181 1046 4240 11

287 4284 347 4349 ‘Et
368 4283 470 4349 modo
493 4283 636 4372 pavonis
661 4282 787 4348 caudae
809 4281 945 4348 flabella
967 4281 1131 4369 superbae

286 4391 334 4456 Et
356 4389 514 4457 manibus
538 4389 624 4456 dura
646 4388 756 4476 frigus
779 4389 904 4454 habere
927 4389 998 4477 pila
1097 4487 1135 4540 4*
