3164 5132
686 380 908 438 ..27-

207 547 379 612 Nimirum
393 555 514 636 potest,
530 556 570 614 ut
585 551 718 637 poetico
737 573 830 617 more
849 575 930 617 saxa
947 552 1121 618 animandi
1138 555 1205 638 (vd.
1222 579 1254 621 v.
1267 559 1316 621 19.
1329 561 1383 640 21)

207 655 408 742 Propertius
431 655 527 720 illum
550 656 689 721 modum
713 648 871 745 posuerit.
917 659 983 752 libs
1007 665 1099 725 certe
1121 661 1204 727 locis
1228 669 1384 750 optatum

206 761 440 847 cognoscitur:
456 762 528 830 Tib.
544 762 581 828 Π
599 772 626 847 4,
644 771 684 828 59
709 763 761 830 ‘Si
770 764 869 831 modo
885 788 939 830 me
954 765 1089 853 placido
1105 767 1223 834 videat
1232 769 1384 836 Nemesis

207 889 283 932 mea
309 869 609 934 wiltu..bibam’.
638 871 702 954 Ι2,
725 877 773 936 71.
812 871 908 955 IVl,
927 879 998 938 198.
1034 873 1131 938 Nihil
1146 881 1260 940 autem
1275 876 1385 963 optati

207 972 424 1061 intellegitur
456 999 507 1063 ap.
541 976 639 1044 Ovid.
663 978 744 1042 Met.
768 977 786 1042 Ι
812 985 873 1043 647
905 979 989 1044 ‘Nec
1017 981 1145 1045 retinet
1171 982 1326 1048 lacrimas
1350 991 1384 1048 et

206 1081 238 1145 si
264 1081 363 1147 modo
391 1081 497 1148 verba
525 1090 719 1168 sequantur,
743 1085 826 1150 Oret
849 1085 968 1172 opem’.
1014 1085 1066 1151 VI
1090 1094 1154 1151 454
1178 1089 1310 1154 ‘audire
1333 1112 1385 1154 so-

207 1187 315 1253 lemus
330 1189 458 1255 Naidas
482 1242 513 1254 ..
537 1190 694 1255 incedere
718 1189 821 1274 silvis,
846 1191 884 1256 Si
906 1192 1006 1257 modo
1031 1193 1089 1258 des
1112 1193 1180 1258 illis
1205 1195 1317 1260 cultus
1340 1196 1385 1260 si-

207 1295 371 1381 milesque
394 1297 555 1384 paratus’.
602 1297 701 1362 Trist.
725 1297 758 1363 V
782 1305 811 1381 9,
837 1306 864 1363 8.
908 1299 990 1364 Hor.
1014 1299 1084 1365 Sat.
1107 1301 1126 1364 I
1150 1309 1178 1383 2,
1205 1309 1254 1366 74.
1296 1302 1383 1390 Epp.

208 1401 225 1466 Ι
251 1409 277 1485 1,
303 1410 354 1468 40.

301 1517 329 1574 3.
361 1509 414 1573 De
439 1510 629 1575 elocutione
653 1510 695 1574 ‘si
722 1511 850 1576 tamen’
874 1533 982 1598 pauca
1005 1519 1086 1577 sunt
1108 1504 1198 1578 nota.
1230 1513 1384 1599 Draeger

207 1615 257 1698 (Π
281 1620 358 1700 471)
382 1639 455 1681 eam
477 1615 520 1681 ab
544 1617 681 1703 optimis
704 1617 926 1705 scriptoribus
949 1641 1020 1683 non
1048 1627 1246 1707 usurpatam
1269 1619 1385 1685 mode-

208 1722 334 1787 randae
344 1723 492 1789 orationi
501 1723 666 1788 inservire
676 1731 771 1789 ratus
781 1723 882 1789 offert
890 1724 1009 1789 eadem
1019 1724 1086 1790 duo
1098 1726 1212 1791 Ovidii
1223 1726 1384 1813 exempla,

209 1851 295 1913 quae
326 1829 561 1917 lexicographi
592 1830 660 1894 iam
693 1830 930 1896 exhibuerunt.
985 1831 1150 1897 Horatius
1186 1833 1294 1918 igitur
1325 1832 1386 1897 illa

207 1934 356 2001 formula
381 1937 511 2024 primus
534 1959 614 2002 usus
639 1959 709 2002 esse
732 1937 818 2001 mihi
840 1937 986 2002 videtur.
1032 1939 1082 2004 Ut
1105 1939 1189 2027 ipse,
1213 1939 1262 2003 ita
1284 1940 1384 2027 Prop.

209 2065 282 2106 eam
309 2042 361 2108 bis
389 2044 512 2131 posuit,
541 2066 618 2108 cum
646 2043 800 2108 Tibullus
829 2044 933 2108 semel
958 2045 1184 2131 usurpaverit.
1241 2045 1384 2111 Ovidius

209 2156 322 2214 autem
358 2151 502 2216 maxime
540 2151 690 2216 omnium
723 2151 882 2215 adhibuit
914 2151 1139 2216 elocutionem
1170 2153 1213 2217 ‘si
1244 2155 1382 2237 tamen’‚

204 2256 304 2320 cuius
327 2257 454 2322 auxilio

296 2367 328 2446 a)
353 2364 532 2429 Sententia
556 2364 726 2429 contraria
752 2364 953 2450 adiungitur
969 2369 1082 2448 (wenn
1098 2363 1265 2449 dennoch,
1282 2389 1385 2431 wenn

205 2470 309 2554 aber).
364 2472 447 2536 Hor.
480 2471 589 2548 Oarm.
617 2471 635 2534 I
665 2478 692 2555 3,
722 2478 763 2537 23
793 2471 1023 2556 ‘Nequiquam
1055 2471 1138 2536 deus
1166 2471 1311 2537 abscidit

209 2578 341 2643 Oceano
365 2630 395 2642 ..
420 2577 540 2642 Terras
564 2577 593 2642 si
615 2586 732 2643 tamen
757 2629 786 2642 ..
810 2584 901 2642 rates
924 2578 1123 2644 transiliunt
1146 2579 1250 2645 vada'.
1296 2580 1383 2668 Epp.

208 2685 245 2749 Π
269 2693 297 2768 2,
322 2694 377 2750 241
401 2684 508 2762 ‘Quid
531 2691 605 2749 tum
628 2683 760 2771 profeci
861 2685 899 2750 Si
922 2692 1038 2749 tamen
1061 2687 1243 2752 attentas?'
1268 2687 1340 2752 Tib.
1357 2688 1383 2752 I.

204 2798 237 2874 -6,
263 2798 303 2856 56
351 2792 412 2857 ‘Et
435 2791 501 2856 tibi
523 2791 637 2857 nescio
661 2814 744 2876 quas
769 2791 865 2875 dixit,
889 2813 964 2856 mea
986 2791 1093 2876 Delia,
1117 2816 1257 2881 poenas:

320 2899 359 2964 Si
382 2905 498 2964 tamen
521 2898 681 2964 admittas
705 2899 750 2963 sit
775 2920 895 2986 precor
918 2898 976 2962 illa
998 2898 1106 2964 levis’.

297 3007 358 3071 Ov.
383 3005 436 3069 Tr.
460 3005 493 3070 V
518 3012 567 3088 13,
593 3013 609 3070 7
636 3004 763 3091 ‘Aeger
779 3005 869 3069 enim
884 3004 976 3068 traxi
992 3007 1151 3092 contagia
1167 3059 1173 3070 .
1191 3059 1197 3070 .
1215 3007 1252 3072 Si
1267 3014 1384 3071 tamen

125 3136 128 3142 ·
206 3113 281 3201 ipse
303 3113 406 3196 vales,
430 3113 544 3198 aliqua
558 3134 621 3178 nos
637 3119 735 3200 parte
751 3112 923 3177 valemus’.
962 3111 1025 3194 15,
1044 3118 1093 3178 17.
1132 3113 1293 3178 FastlH
1311 3119 1383 3178 257.

207 3220 464 3286 MetIX511.
510 3218 812 3303 Am.11114,42.
859 3218 969 3301 H16,
994 3224 1044 3282 47.
1091 3219 1383 3285 Artamlllt.

207 3327 304 3392 Rem.
330 3333 402 3393 107.

297 3433 333 3517 b)
356 3433 470 3498 Minor
479 3440 593 3498 autem
602 3434 789 3520 particulae
805 3434 944 3499 ‘tamen’
961 3440 1110 3522 potestas
1127 3441 1187 3517 est,
1197 3434 1227 3498 si
1237 3433 1383 3499 elocutio

208 3542 251 3606 ‘si
273 3541 399 3606 tamen’
429 3540 576 3605 orationi
603 3541 747 3605 inservit
774 3540 1000 3606 moderandae
1028 3545 1141 3624 (wenn
1164 3540 1260 3624 doch,
1283 3562 1384 3606 wenn

211 3647 354 3730 andeis),
378 3653 418 3711 ut
441 3648 582 3712 voculae
609 3647 748 3712 ‘tamen'
773 3647 825 3712 vis
849 3647 886 3710 in
909 3648 1185 3713 coniunctionem
1208 3647 1262 3711 ‘si’
1287 3646 1384 3731 quasi

207 3754 362 3820 recidens
379 3753 515 3837 efficiat,
534 3760 575 3818 ut
591 3754 763 3819 enuntiati
777 3761 1016 3840 argumentum
1032 3760 1092 3819 aut
1107 3753 1151 3818 ad
1166 3752 1384 3838 negationem

206 3869 268 3927 aut
284 3862 327 3926 ad
343 3859 604 3926 affinnationem
627 3861 778 3945 inclinet,
802 3868 862 3925 aut
877 3868 1035 3926 neutram
1051 3861 1095 3925 ad
1114 3867 1247 3948 partem
1262 3859 1383 3924 valeat.

208 3968 428 4054 Ambiguitas
452 3969 562 4054 igitur
586 3969 676 4032 inest
699 3968 752 4032 his
776 3968 867 4033 locis.
914 3968 974 4033 Ov.
999 3967 1098 4032 Trist.
1122 3967 1140 4031 Ι
1165 3976 1192 4050 2,
1218 3972 1257 4030 97

321 4075 371 4141 ‘si
393 4082 509 4140 tamen
532 4082 608 4141 acta
632 4074 711 4140 deos
734 4090 911 4159 nunquam
932 4074 1090 4139 mortalia
1112 4071 1245 4157 fallunt,

319 4181 352 4246 A
375 4183 474 4271 culpa
496 4181 629 4249 facinus
653 4181 747 4246 scitis
770 4181 886 4246 abesse
908 4181 1004 4246 mea’.
1055 4179 1131 4249 Am.
1155 4179 1209 4244 ΠΙ
1234 4187 1261 4264 9,
1288 4187 1328 4245 59

320 4289 371 4355 ‘Si
392 4295 508 4354 tamen
531 4314 549 4355 e
572 4289 670 4355 nobis
694 4288 824 4374 aliquid
847 4289 915 4353 nisi
937 4309 1061 4352 nomen
1085 4294 1119 4351 et
1141 4286 1264 4352 umbra

319 4397 450 4479 Restat,
474 4398 511 4461 in
533 4397 652 4484 Elysia
675 4397 765 4461 valle
787 4395 943 4460 Tibullus
967 4395 1055 4460 erit’.
