3164 5132
695 291 914 349 ..23-

217 463 307 529 Nam
330 463 411 548 quia
433 469 558 528 natura
581 485 656 527 suas
680 461 804 547 cuique
828 461 1005 548 sanguinis
1028 462 1121 548 leges
1146 462 1213 546 dat,
1236 485 1307 528 non
1331 461 1393 526 du-

217 568 357 652 bitabis,
382 569 466 654 quin
489 569 658 652 Cornelia,
687 567 803 652 quales
826 566 958 633 fuerint
981 567 1059 633 illae
1082 569 1187 654 leges,
1215 567 1392 633 audientes

217 677 409 743 admoneat.
455 674 525 740 Cfr.
549 676 609 742 Ov.
633 675 734 752 Trist.
758 675 791 740 V
808 681 892 758 13,4

330 782 454 869 ‘Aeger
478 783 570 848 enim
592 782 684 847 traxi
708 781 868 868 contagia
891 768 1178 869 corpore'mentis
1300 865 1302 876 Α

330 889 457 955 Libera
480 896 651 955 tormento
674 911 752 977 pars
775 887 862 952 mihi
884 911 930 953 ne
954 910 1021 973 qua
1044 889 1164 956 vacet’.

308 1005 336 1063 4.
368 996 489 1080 Neque
505 996 683 1080 quisquam
703 994 846 1060 miratus
863 1001 914 1059 est
928 995 1146 1082 Propertium
1160 993 1265 1060 verba
1280 995 1392 1060 vs.IH

221 1110 271 1187 11,
289 1112 329 1168 24
353 1103 402 1167 sic
425 1103 596 1185 struxisse,
620 1109 660 1166 ut
684 1101 879 1166 coniunctio
895 1101 964 1166 ‘ne'
989 1122 1009 1167 a
1031 1101 1152 1167 vocula
1176 1102 1236 1166 ‘et’
1254 1101 1392 1188 longius

219 1209 319 1275 absit:
345 1209 481 1275 ‘statuit
580 1208 774 1274 Semiramis
797 1208 925 1292 urbem,

328 1316 378 1383 Ut
402 1315 548 1380 solidum
571 1322 667 1380 cocto
690 1315 826 1380 tolleret
850 1337 976 1401 aggere
1000 1336 1092 1402 opus,

329 1423 377 1488 Et
401 1422 467 1487 duo
491 1423 528 1486 in
550 1421 730 1487 adversum
753 1421 849 1486 missi
870 1445 932 1510 per
955 1422 1088 1486 moenia
1112 1444 1229 1488 currus

329 1531 381 1595 Ne
404 1535 542 1616 possent
565 1534 658 1593 tacto
681 1528 851 1614 stringere
874 1527 916 1592 ab
940 1550 1003 1592 axe
1026 1528 1137 1593 latus'.

218 1637 360 1704 Ovidius
389 1635 528 1720 quidem
556 1633 644 1700 dixit
666 1642 801 1722 praeter
824 1635 884 1698 ‘Et
907 1635 963 1700 ne’
993 1635 1086 1720 (Met.
1110 1635 1128 1699 Ι
1153 1641 1225 1701 159.
1257 1635 1294 1699 H
1318 1642 1390 1700 402.

217 1746 254 1810 X
279 1751 352 1810 583.
385 1743 440 1808 XI
465 1750 538 1808 695.
585 1743 684 1808 Trist.
708 1743 759 1808 IV
784 1750 811 1827 6,
838 1750 887 1808 12.
930 1742 1005 1808 Art.
1030 1767 1091 1808 am.
1115 1743 1152 1808 Π
1177 1751 1248 1810 393.
1294 1744 1389 1809 Rem.

217 1874 279 1916 am.
305 1854 382 1933 465)
405 1851 443 1914 in
465 1850 551 1914 ibid.
577 1857 639 1914 457
665 1850 824 1935 ‘Solaque
847 1850 991 1916 Limone
1013 1873 1159 1938 poenam
1181 1874 1224 1915 ne
1247 1853 1391 1917 senserit

217 1957 331 2023 illam'.
365 1964 400 2022 et
422 1957 504 2021 Met.
527 1955 579 2021 IV
605 1961 665 2021 741
692 1955 997 2042 ‘Anguifemmque
1021 1964 1123 2044 caput
1147 1957 1231 2022 dura
1254 1980 1297 2022 ne
1324 1959 1391 2024 lae-

218 2065 304 2147 dat’3
331 2064 391 2128 sed
415 2071 485 2128 tam
508 2063 627 2150 procul
651 2086 670 2127 a
694 2063 932 2128 coniunctione
957 2063 1140 2128 distantem
1168 2086 1266 2130 nemo
1290 2072 1391 2152 poeta

216 2171 420 2262 particulam
444 2170 512 2234 ‘ne’
536 2169 658 2256 posuit,
683 2192 784 2253 quam
808 2169 850 2234 ob
873 2192 946 2234 rem
968 2169 1049 2234 Itali
1072 2170 1189 2234 ‘missi’
1214 2170 1251 2236 in
1271 2171 1390 2238 ‘misit'

216 2278 360 2344 fortasse
385 2283 612 2342 correxerunt.
659 2276 708 2341 At
732 2277 761 2341 si
783 2277 832 2341 ita
856 2284 951 2361 esset,
975 2277 1062 2341 male
1084 2276 1253 2343 fecissent.
1301 2279 1391 2345 Nam

216 2385 416 2472 Propertius
444 2384 517 2472 ipse
545 2384 637 2449 hunc
664 2406 762 2448 usum
789 2383 856 2448 sibi
883 2383 1075 2450 vindicavit
1108 2383 1182 2449 loco
1215 2385 1266 2450 IV
1291 2395 1322 2470 7,
1348 2393 1388 2451 75

217 2492 393 2558 ‘mandata
409 2491 528 2557 damus
545 2543 551 2554 .
571 2542 576 2554 .
593 2491 720 2557 Nutrix
737 2542 742 2554 .
761 2513 826 2556 ‚ne
843 2491 927 2575 quid
943 2491 1113 2556 desideret
1124 2543 1147 2555 ..
1164 2492 1348 2558 Parthenia
1365 2545 1388 2557 ..

328 2599 546 2682 Deliciaeque
569 2621 663 2662 meae
685 2598 809 2682 Latris,
834 2600 890 2663 cui
912 2620 1035 2663 nomen
1058 2597 1100 2664 ab
1123 2605 1229 2683 usust,

328 2706 380 2770 Ne
404 2706 579 2793 speculum
603 2705 758 2770 dominae
781 2706 936 2793 porrigat
960 2705 1019 2770 illa
1042 2706 1173 2771 novae'.
1261 2698 1263 2704 ’

308 2822 335 2877 5.
368 2813 542 2878 Particula
566 2813 736 2898 ‘namque’
765 2813 914 2877 secundo
942 2813 1016 2878 loco
1040 2819 1181 2901 apparet
1208 2813 1260 2880 IV
1285 2819 1313 2898 1,
1338 2821 1388 2879 57.

220 2927 246 3003 7,
273 2920 440 3002 3;’76171ο
464 2921 538 2985 loco
562 2919 739 2986 invenitur
762 2920 798 2984 H
822 2925 877 3004 21,
903 2925 953 2985 12.
999 2919 1049 2987 Ut
1071 2943 1190 2985 vocem
1214 2920 1311 3005 ‘sed’,
1339 2921 1389 2986 ita

217 3027 374 3092 voculam
396 3027 507 3114 fnam’
532 3027 730 3114 Propertius
759 3049 836 3091 cum
863 3026 1019 3092 omnibns
1047 3027 1156 3114 poetis
1186 3026 1388 3093 dissentiens

217 3134 320 3199 semel
346 3133 540 3221 postposuit
567 3133 617 3198 IV
642 3139 674 3217 8,
700 3125 750 3198 23.
796 3133 942 3198 Transeo
971 3132 1014 3198 ad
1041 3133 1198 3198 voculam
1226 3134 1389 3218 ‘etenim’,

217 3263 330 3326 quam,
360 3241 439 3325 quia
462 3239 622 3304 Handius
650 3239 692 3304 ab
715 3239 860 3306 Horatio
884 3247 919 3305 et
941 3239 1102 3305 Lucretio
1131 3234 1209 3305 solis
1238 3243 1390 3329 exempla

216 3348 399 3436 petiverat,
431 3354 509 3434 post
541 3348 616 3413 illos
649 3349 829 3435 scriptores
863 3347 930 3411 nisi
962 3370 982 3412 a
1013 3347 1125 3411 Plinio
1158 3354 1193 3412 et
1219 3346 1388 3435 Appuleio
1426 3395 1429 3402 ⁴

215 3477 286 3521 non
308 3455 531 3544 postpositam
555 3478 626 3520 esse
648 3454 801 3541 Draeger
824 3453 873 3538 (H
890 3457 966 3537 171)
990 3452 1184 3520 affinnavit.
1217 3454 1285 3520 Sed
1308 3456 1389 3522 vide

216 3567 366 3651 (praeter
388 3561 470 3626 Hor.
495 3561 564 3627 Sat.
587 3562 606 3626 I
630 3569 663 3646 6,
689 3565 742 3645 54)
766 3563 864 3650 Pr0p.
888 3562 925 3626 H
950 3571 976 3645 7,
1003 3567 1041 3626 17
1072 3561 1177 3625 ‘Hinc
1201 3562 1327 3626 etenim
1349 3613 1356 3626 .
1382 3613 1388 3627 .

215 3668 342 3734 meruit
364 3689 438 3732 mea
452 3668 563 3754 gloria
585 3669 732 3733 nomen'.
764 3668 877 3756 Lygd.
901 3668 977 3733 114
1002 3667 1236 3733 ι8166761117.
1268 3668 1387 3733 Iuven.

215 3775 303 3841 VIH
328 3781 388 3841 111
415 3775 511 3840 ‘haec
535 3775 681 3840 etenim’.
726 3776 815 3841 XIV
839 3783 858 3842 4
883 3776 976 3840 ‘Plus
1000 3774 1149 3840 etenim’.
1196 3773 1281 3839 Stat.
1305 3773 1388 3840 Silv.

216 3879 253 3946 H
277 3889 305 3966 1,
331 3889 380 3948 19.
418 3881 462 3946 In
485 3883 584 3970 Pr0p.
608 3905 656 3947 vs.
680 3882 716 3946 H
741 3888 790 3966 10,
814 3890 853 3947 25
879 3883 1053 3948 Vahlenus
1077 3880 1150 3965 (cfr.
1173 3881 1194 3944 l.
1212 3903 1237 3944 c.
1261 3905 1292 3969 p.
1311 3885 1387 3965 348)

216 3989 402 4054 rectissime
425 3989 571 4054 retinuit
594 3988 797 4077 scripturam
821 3988 995 4053 ‘Nondum
1019 3987 1143 4053 etiam’.

202 4093 203 4096 '
307 4103 335 4160 6.
366 4095 409 4160 ln
435 4120 500 4162 usu
522 4096 766 4185 particularum
789 4095 894 4160 ‘nam’
924 4102 958 4160 et
982 4095 1151 4181 ‘namque'
1181 4095 1389 4162 causativam

216 4202 288 4268 vim
310 4201 354 4267 ab
378 4203 582 4290 explicativa
597 4202 848 4289 significatione
872 4201 1131 4268 discernendam
1150 4224 1221 4267 esse
1246 4208 1387 4268 constat.

216 4309 343 4376 Versus
365 4309 433 4374 huc
448 4311 659 4397 pertinentes
675 4309 831 4374 Kuttner
854 4315 897 4397 (p.
916 4313 970 4392 55)
994 4309 1062 4374 iam
1085 4308 1236 4395 digessit.
1269 4309 1388 4396 Expli-
