3164 5132
658 383 880 442 -57-

182 555 333 640 riamve'‚
357 554 496 621 Hertzb.
517 554 727 643 ‘patriaeve’,
751 553 925 620 Vahlenus
949 553 1000 619 ‘Si
1023 576 1139 642 posces
1162 554 1354 641 pariamne’,

182 661 355 728 Baehrens
379 662 465 728 ‘Sim
490 683 626 749 compar
649 660 802 748 patiare',
830 659 1043 743 Fleiaohm.1)
1067 659 1220 745 ‘Simque
1245 683 1354 726 comes

181 769 378 857 pariamque
401 770 474 834 tua'
498 767 626 853 aliique
648 766 749 832 aliter
772 766 989 854 scripserunt.

270 875 320 940 At
344 898 460 942 omnes
483 874 536 940 illi
559 873 672 939 critici
695 896 763 958 qua
778 873 910 940 ratione
925 874 1110 962 particulas
1133 875 1197 940 ‘ne'
1214 882 1274 940 aut
1290 876 1353 941 ‘ve’

181 982 371 1049 intellectas
387 982 526 1066 vellent,
550 1004 622 1047 non
646 979 837 1046 docuerunt
851 1003 962 1066 neque
987 988 1161 1064 caverunt,
1185 1005 1228 1047 ne
1248 982 1354 1047 nimia

179 1090 233 1155 vis
256 1090 369 1155 textui
390 1088 496 1154 fieret.

272 1197 366 1275 Quae
389 1183 466 1261 cuni
488 1194 539 1260 ita
554 1201 675 1277 essent,
699 1194 800 1258 aliam
820 1195 912 1260 viam
927 1194 1099 1280 ingressus
1123 1219 1205 1261 sum.
1238 1196 1354 1282 Atque

180 1295 328 1393 primum
353 1303 428 1368 ‘sic‘
452 1300 654 1368 adverbium
677 1300 721 1365 ad
743 1301 985 1388 praecedentes
1009 1324 1126 1368 versus

231 1491 233 1498 Ι
288 1409 349 1475 ‘Te
372 1417 454 1496 toga
476 1409 570 1497 picta
593 1407 701 1493 decet,
724 1430 796 1474 non
820 1430 921 1493 quem
943 1409 1017 1474 sine
1040 1409 1159 1474 matris
1182 1410 1309 1475 honore

332 1516 453 1582 Nutrit
476 1515 681 1581 inhumanae
705 1515 791 1581 dura
814 1515 940 1603 papilla
962 1516 1085 1604 lupae'.

180 1627 232 1690 ita
257 1631 410 1711 spectare
437 1622 523 1688 mihi
550 1621 702 1707 videtur,
730 1629 770 1688 ut
798 1621 861 1687 sub
891 1644 929 1687 eo
957 1624 1128 1689 sententia
1156 1623 1354 1690 subicienda

178 1732 225 1797 sit
249 1731 353 1796 ‘situ
375 1730 514 1796 Romuli
536 1730 649 1795 locum
671 1729 829 1796 obtines'.
869 1730 1044 1808 Quacum
1072 1731 1354 1818 interpretatione

180 1835 513 1918 Fleischmannum²)
536 1836 731 1922 nuperrime
760 1837 955 1923 congruisse
983 1860 1075 1902 nunc
1102 1838 1170 1902 iam
1192 1838 1273 1903 licet
1297 1839 1354 1904 ad·

181 1947 332 2030 iungere.

268 2049 403 2116 Deinde
427 2049 651 2132 enuntiatum,
676 2049 718 2114 de
742 2073 809 2134 quo
833 2049 957 2137 agitur,
981 2049 1186 2116 informem
1208 2052 1353 2117 interro.-

178 2157 328 2247 gationis
351 2155 512 2243 redigoi)

268 2265 426 2349 Denique
449 2262 593 2351 hospitis
616 2263 712 2329 notio
735 2263 837 2329 latius
863 2271 967 2351 patet.
1006 2264 1094 2329 Nam
1117 2265 1265 2353 hospitio
1281 2288 1353 2356 non

177 2380 333 2462 respecto
356 2371 416 2436 illa
438 2393 507 2436 vox
530 2378 565 2435 et
588 2393 608 2435 a
630 2370 740 2457 poetis
764 2371 876 2458 (Prop.
900 2371 950 2436 IV
968 2377 996 2454 1,
1022 2378 1049 2437 1.
1082 2371 1164 2457 Hor.
1190 2395 1239 2460 ep.
1256 2372 1307 2438 VI
1325 2381 1352 2438 1.

144 2563 147 2572 .
180 2483 252 2548 Cat.
276 2479 327 2545 IV
352 2483 384 2561 1)
417 2485 451 2543 et
479 2500 498 2542 a
526 2476 748 2565 scriptoribus
776 2477 956 2543 titulorum
984 2478 1021 2542 in
1048 2479 1202 2567 sepulcro
1231 2479 1353 2545 inciso-

177 2587 287 2672 rum⁴)
310 2592 474 2674 usurpata
497 2593 556 2651 est.

268 2693 378 2779 Atqui
405 2692 434 2757 si
458 2691 607 2774 Tatium,
640 2692 767 2780 quippe
800 2692 859 2777 qui
891 2700 986 2758 ortus
1016 2701 1103 2759 esset
1130 2694 1353 2781 aperegrina

177 2808 291 2887 gente,
314 2823 385 2866 non
408 2805 616 2865 convenerat
639 2798 793 2863 sacerdos
809 2799 954 2886 Tarpeia
976 2823 1086 2886 neque
1103 2809 1194 2866 certe
1218 2801 1352 2866 intelle·

175 2907 291 2994 gebat,
313 2914 429 2972 utrum
452 2910 494 2974 ab
509 2928 547 2971 ec
571 2911 750 2988 amaretur,
772 2928 888 2989 neone,
912 2906 988 2971 fieri
1003 2907 1063 2971 vix
1085 2908 1207 2994 potuit,
1231 2914 1270 2972 ut
1286 2907 1352 2972 alio

178 3013 318 3078 nomine
340 3021 503 3079 uteretur.
542 3013 722 3077 Praeterea
744 3020 845 3099 poeta
868 3035 986 3078 vocem
1009 3013 1156 3105 ‘hospes’
1180 3014 1256 3079 ideo
1277 3014 1352 3078 aliis

177 3119 321 3186 fortasse
353 3120 561 3208 anteposuit,
594 3118 686 3204 quod
718 3119 873 3206 Tarpeia,
907 3111 1160 3207 exspectatione
1193 3120 1354 3186 desiderii

175 3227 322 3315 expleta,
345 3235 510 3315 perpetuo
533 3225 682 3314 hospitio
703 3233 845 3313 excepta
868 3234 964 3296 esset.
1010 3227 1062 3291 De
1085 3227 1149 3292 hoc
1173 3227 1265 3292 vocis
1289 3250 1352 3292 usu

177 3333 293 3399 nescio
316 3356 362 3398 an
384 3357 447 3398 nos
470 3333 625 3398 docuerit
648 3331 746 3397 ovid.
771 3354 819 3398 vs.
842 3333 923 3397 Met.
947 3332 998 3397 IV
1022 3339 1100 3417 639,
1125 3333 1186 3399 ubi
1209 3336 1352 3400 Perseus

177 3439 363 3524 Atlantem,
388 3441 447 3525 qui
470 3463 548 3504 eum
570 3440 721 3526 ignorat,
750 3439 888 3503 nomine
911 3438 1055 3527 hospitis
1079 3441 1228 3528 appellat
1252 3449 1286 3506 et
1310 3440 1352 3506 ab
1421 3477 1425 3487 ·

174 3569 217 3612 -ec
240 3545 427 3634 hospitium
450 3546 547 3634 petit.

267 3652 361 3730 Quae
393 3653 460 3717 nisi
484 3652 622 3740 accipis,
650 3650 812 3716 facillima
839 3651 1028 3718 mutatione
1057 3653 1196 3741 ‘sospes'
1225 3652 1351 3718 scribas

177 3759 259 3824 licet
286 3765 345 3824 aut
368 3758 551 3826 Ribbeckii
574 3759 780 3824 sententiam
807 3757 937 3846 probes
984 3759 1052 3836 Qui
1079 3783 1211 3825 mecum
1234 3760 1276 3825 de
1299 3761 1351 3826 in-

269 3974 289 4042 ¹)
309 3971 364 4028 cfr.
383 3971 586 4036 Fleischmann,
605 3970 719 4026 Wiener
737 3971 855 4026 Studien
875 3971 944 4026 1888
962 3991 990 4043 p.
1006 3975 1065 4032 155.

267 4061 289 4132 ²)
307 4060 362 4115 cn.
380 4059 582 4125 Fleischmann,
602 4058 716 4114 Wiener
734 4059 851 4115 Studien
871 4060 940 4115 1888
957 4080 985 4132 p.
1000 4064 1060 4118 154.

268 4151 289 4220 8)
306 4148 413 4204 Vocula
431 4149 482 4203 ‘ne'
496 4147 598 4203 tertiae
611 4147 750 4203 enuntiati
762 4149 824 4203 voci
837 4149 972 4204 adhaeret
990 4167 1034 4221 ap.
1047 4152 1131 4221 Prop.
1144 4151 1183 4206 ΙΙΙ
1201 4153 1226 4218 6,
1242 4151 1274 4207 12
1295 4151 1351 4206 ‘Or-

177 4239 266 4293 nabat
283 4238 378 4294 niveas
397 4237 510 4292 nullane
529 4255 641 4307 gemma
658 4237 784 4291 manuei'
804 4237 842 4291 III
864 4239 903 4303 16,
923 4242 947 4294 5.
975 4238 1051 4294 Alios
1070 4239 1145 4294 locos
1163 4240 1287 4297 invenies
1306 4259 1351 4312 ap.

173 4326 267 4383 Hand.
286 4327 325 4381 IV
344 4329 378 4383 76
397 4330 426 4382 et
444 4326 474 4380 in
492 4326 634 4396 Mergueti
652 4325 742 4381 Lexic.
762 4323 849 4381 Cicer.

266 4415 289 4486 ⁴)
309 4413 572 4486 Corp.1nscr.hat.
592 4415 604 4468 I
624 4415 701 4470 1006.
723 4415 799 4470 1007.
822 4415 897 4471 1027.
