3164 5132
668 351 889 408 ..29-

191 519 288 584 libris
303 520 421 604 solum,
437 522 550 588 sedin
566 523 694 610 elegiae
710 522 813 587 etiam
827 543 982 586 sermone
1000 521 1168 608 particula
1179 522 1366 588 invenitur.

191 625 274 692 Met.
296 626 316 691 Ι
340 632 416 710 135;
441 637 514 695 420.
552 630 682 694 [1179.
720 629 771 694 IV
797 635 869 693 222.
907 628 940 692 V
964 635 1036 694 509.
1068 628 1194 694 IX‘18.
1231 629 1286 696 XI
1311 637 1365 711 26;

190 733 261 797 XV
285 739 358 799 aas.
404 734 479 800 Am.
503 736 557 800 111
581 744 618 820 9,
635 743 685 801 25.
736 735 808 800 aas.
834 742 884 818 64,
909 741 982 800 aaa.
1028 735 1201 823 Prop.1v
1226 745 1253 820 5,
1280 742 1320 801 19

280 840 556 930 ‘Exorabatopus
565 832 688 927 verbis,
699 864 761 908 ceu
769 841 896 907 blanda
911 848 1063 929 pererrat
1073 893 1080 905 .
1090 893 1097 906 .
1107 842 1247 930 lympha
1256 843 1365 908 viam'.

283 954 310 1011 2.
357 947 628 1037 Comparationis
666 948 812 1016 formula
843 947 955 1014 adbuc
987 971 1153 1033 nusquam
1181 956 1366 1014 memorata

192 1052 335 1118 offertur
356 1054 393 1118 H
417 1063 446 1139 5,
472 1063 510 1122 11

303 1161 395 1227 ‘Non
417 1162 467 1227 ita
491 1163 695 1251 Carpathiae
718 1163 855 1228 variant
879 1213 909 1226 ..
933 1161 1047 1227 undae
1071 1213 1102 1225 ..

303 1267 413 1345 Quam
435 1267 536 1335 facile
559 1270 640 1335 irati
662 1268 768 1336 verbo
791 1275 971 1334 mutantur
994 1269 1168 1334 amantes’.

279 1375 329 1440 Ut
352 1374 408 1439 hic
431 1375 633 1442 adverbium
656 1373 792 1459 ‘facile’‚
822 1377 872 1440 ita
894 1397 1013 1442 vocem
1036 1374 1130 1440 ‘cito’
1157 1375 1194 1440 in
1220 1376 1366 1442 alterum

189 1479 427 1546 similitudinis
449 1481 639 1548 membrum
661 1490 762 1570 poeta
785 1482 906 1548 intulit
929 1482 966 1546 H
989 1489 1017 1565 9,
1043 1488 1084 1547 33

304 1586 394 1652 ‘Non
417 1588 465 1654 sic
488 1590 620 1654 incerto
643 1595 823 1654 mutantur
845 1588 983 1654 flamine
1006 1588 1126 1676 Syrtes
1150 1640 1181 1652 ..

303 1693 413 1771 Quam
436 1697 504 1761 cito
527 1694 676 1762 feminea
699 1718 768 1761 non
792 1702 927 1761 constat
949 1694 1070 1762 foedus
1093 1696 1130 1760 in
1153 1696 1226 1760 ira'.

302 1801 482 1868 Praeterea
506 1802 640 1889 dignae,
664 1823 751 1888 quae
773 1801 1001 1890 proferantur,
1024 1801 1088 1867 hae
1104 1802 1365 1889 comparationis

189 1904 356 1972 formulae
379 1907 555 1974 videntur:
582 1909 619 1973 H
644 1916 693 1993 14,
718 1916 737 1973 9
767 1908 984 1974 ί11611111..
1008 1908 1079 1973 Nec
1103 1909 1151 1973 sic
1175 1959 1205 1972 ..
1229 1908 1366 1985 Quanta

191 2034 255 2098 ego
279 2064 308 2076 ..
333 2014 457 2101 collegi
478 2014 626 2101 gaudia’.
672 2015 690 2080 I
716 2022 765 2098 12,
791 2023 809 2080 3
835 2015 932 2082 ‘Tam
954 2015 1062 2080 multa
1085 2014 1145 2079 illa
1164 2035 1239 2079 meo
1255 2014 1366 2080 divisa

189 2127 242 2184 est
263 2119 359 2185 milia
380 2121 477 2204 lecto,
502 2122 678 2199 Quantum
693 2122 852 2209 Hypanis
876 2173 906 2188 ..
931 2121 1072 2186 dissidet
1090 2121 1265 2186 Eridano'.
1311 2121 1366 2185 IH

194 2231 244 2310 21,
270 2232 311 2291 10
336 2226 525 2304 ‘Quantum
548 2228 662 2312 oculis,
687 2229 800 2294 animo
824 2235 895 2293 tam
918 2228 1037 2315 procul
1059 2226 1125 2292 ibit
1147 2227 1261 2292 amor’.
1295 2225 1364 2292 cfr.

189 2331 259 2397 Liv
280 2332 336 2396 IX
360 2339 410 2416 38,
438 2340 463 2399 1.
502 2332 1364 2423 Prop.113‚9‘Neometamfaoies..0epit..

189 2438 262 2504 Nec
285 2461 399 2505 comae
422 2491 452 2505 ..
475 2441 555 2506 Non
579 2442 669 2506 oculi
692 2493 722 2507 ..
746 2443 818 2507 Nec
841 2442 938 2526 siqua
961 2493 967 2505 .
990 2493 996 2505 .
1020 2441 1111 2506 lucet
1135 2492 1165 2504 ..
1190 2439 1364 2517 Quantum

189 2545 282 2632 quod
305 2597 329 2610 ..
354 2547 477 2612 saltat'.
511 2547 617 2625 Quasi
639 2549 746 2614 versis
765 2549 925 2614 membris
940 2553 1025 2613 ‘non
1040 2555 1177 2613 tantum
1192 2585 1231 2595 —
1249 2548 1363 2633 quam'

190 2675 211 2717 a
238 2652 392 2739 Vergilio
416 2653 514 2737 (Aen
538 2655 589 2720 VI
613 2659 691 2739 352)
715 2663 750 2721 et
773 2655 875 2721 Livio
898 2656 964 2742 (37,
990 2662 1039 2739 51,
1065 2658 1098 2738 9)
1121 2655 1270 2743 positum
1293 2677 1364 2720 esse

189 2760 422 2849 lexicographi
444 2762 513 2826 iam
534 2770 749 2828 monuerunt.

280 2873 307 2931 3.
330 2868 413 2933 Post
435 2868 580 2934 verbum
602 2868 738 2934 iurandi
760 2892 938 2954 nunquam
960 2869 1162 2956 particulam
1186 2867 1250 2932 ‘ut’
1267 2890 1364 2932 usur·

189 2979 305 3062 patam
328 2997 399 3040 esse
421 2975 575 3060 Draeger
599 2976 648 3059 (H
672 2978 748 3058 248)
764 2974 913 3040 affirmat
945 2975 994 3040 At
1009 2975 1089 3040 vide
1105 2976 1204 3061 Prop.
1220 2974 1237 3038 I
1255 2980 1305 3056 15,
1321 2980 1362 3039 36

209 3081 216 3087 “
296 3079 381 3145 ‘Hos
404 3082 544 3165 (oculos)
568 3089 608 3146 tu
631 3082 774 3166 iurabas⁷
798 3082 911 3167 siquid
934 3081 1078 3146 mentita
1100 3079 1229 3163 fuisses,

295 3187 345 3254 Ut
368 3187 435 3253 tibi
457 3189 640 3276 suppositis
664 3189 862 3254 exciderent
884 3188 1064 3254 manibus'.

278 3301 307 3359 4.
331 3293 537 3360 Coniunctio
562 3296 625 3360 ‘ut'
649 3319 710 3383 pro
735 3296 890 3361 ‘utinam’
915 3294 1069 3360 adhibita
1088 3301 1152 3360 est:
1175 3293 1211 3358 H
1231 3300 1259 3377 3,
1275 3302 1316 3360 45

295 3401 373 3466 ‘His
396 3402 515 3467 saltem
538 3409 577 3467 ut
600 3410 718 3468 tenear
740 3403 809 3468 iam
829 3402 978 3467 finibus'.
1030 3400 1103 3466 Cat.
1129 3408 1179 3484 66,
1204 3408 1245 3466 48
1284 3399 1287 3404 ’

241 3561 244 3566 .
297 3507 478 3596 ‘Juppiter‚
501 3517 541 3574 ut
565 3509 746 3596 Chalybon
769 3531 867 3574 omne
890 3531 998 3594 genus
1021 3507 1160 3595 pereat'.

277 3613 381 3701 Verg.
396 3613 481 3680 Aen.
497 3615 535 3679 X
551 3622 624 3680 631.
664 3615 724 3682 Ov.
740 3615 821 3680 Her.
837 3615 929 3679 ΧΠΙ
946 3621 1018 3680 161.
1051 3614 1133 3680 Hor.
1145 3613 1260 3679 SatH
1271 3620 1299 3696 1,
1310 3620 1361 3678 43.

279 3729 307 3786 6.
330 3721 383 3786 De
398 3744 482 3788 voce
498 3721 660 3805 ‘nedum'‚
677 3744 763 3806 quae
778 3722 917 3808 vulgari
931 3721 1032 3788 modo
1048 3728 1211 3808 usurpata
1221 3728 1362 3808 apparet

188 3826 259 3910 14,
283 3835 312 3912 9,
335 3836 412 3915 post
435 3827 641 3893 sententiam
669 3827 911 3894 affirmativam
933 3828 1098 3893 collocata
1120 3827 1137 3891 I
1162 3834 1190 3910 9,
1216 3833 1257 3890 32
1281 3827 1362 3892 vide

188 3932 302 3997 Hand.
324 3935 375 4000 IV
401 3942 471 4001 153.
504 3933 562 3999 Ad
585 3942 791 4000 structuram
814 3934 960 4000 timendi
975 3935 1157 4000 verborum
1173 3932 1361 4019 exigendae

189 4046 271 4105 sunt
294 4041 501 4108 elocutiones
524 4065 572 4108 vs.
595 4042 631 4106 H
657 4051 684 4126 7,
710 4050 728 4108 3
753 4042 884 4108 ‘flemus
908 4094 938 4106 ..
962 4043 1009 4107 Ni
1031 4064 1092 4107 nos
1115 4040 1307 4106 divideret'.
1328 4049 1362 4106 et

188 4169 237 4211 vs.
260 4146 315 4210 IH
340 4154 389 4231 12,
415 4155 455 4214 10
480 4148 645 4214 ‘tabescet
668 4199 698 4212 ..
723 4172 767 4213 ne
790 4149 901 4214 virtus
923 4148 985 4213 fiat
1008 4169 1121 4213 amara
1144 4146 1231 4212 tibi⁷.

280 4262 307 4319 6.
332 4255 398 4319 Pro
415 4255 656 4321 coniunctione
667 4255 895 4320 condicionali
910 4254 1035 4320 ‘modo'
1050 4254 1248 4341 Propertius
1258 4255 1362 4320 semel

189 4383 270 4426 usus
295 4368 346 4426 est
369 4383 452 4427 voce
476 4361 648 4427 ‘tantum’
