<?xml version="1.0" encoding="UTF-8"?>
<!DOCTYPE html PUBLIC "-//W3C//DTD XHTML 1.0 Transitional//EN"
    "http://www.w3.org/TR/xhtml1/DTD/xhtml1-transitional.dtd">
<html xmlns="http://www.w3.org/1999/xhtml" xml:lang="en" lang="en">
 <head>
  <title>
</title>
<meta http-equiv="Content-Type" content="text/html;charset=utf-8" />
  <meta name='ocr-system' content='tesseract 3.04.00' />
  <meta name='ocr-capabilities' content='ocr_page ocr_carea ocr_par ocr_line ocrx_word'/>
</head>
<body>
  <div class='ocr_page' id='page_1' title='image "./desermoneproper00spangoog_0009.png"; bbox 0 0 3164 5132; ppageno 0'>
   <div class='ocr_carea' id='block_1_1' title="bbox 247 883 1423 2215">
    <p class='ocr_par' dir='ltr' id='par_1_1' title="bbox 247 883 1422 1446">
     <span class='ocr_line' id='line_1_1' title="bbox 248 883 1422 1041; baseline 0.004 -25"><span class='ocrx_word' id='word_1_1' title='bbox 248 883 465 1040; x_wconf 73' lang='lat' dir='ltr'><strong>Propertius</strong></span> <span class='ocrx_word' id='word_1_2' title='bbox 492 953 670 1041; x_wconf 70' lang='lat' dir='ltr'><strong>particulis</strong></span> <span class='ocrx_word' id='word_1_3' title='bbox 694 953 856 1018; x_wconf 88' lang='lat' dir='ltr'>sermonis</span> <span class='ocrx_word' id='word_1_4' title='bbox 879 953 1047 1039; x_wconf 90' lang='lat' dir='ltr'>quomodo</span> <span class='ocrx_word' id='word_1_5' title='bbox 1071 978 1152 1020; x_wconf 89' lang='lat' dir='ltr'>usus</span> <span class='ocrx_word' id='word_1_6' title='bbox 1175 955 1232 1039; x_wconf 90' lang='lat' dir='ltr'>sit,</span> <span class='ocrx_word' id='word_1_7' title='bbox 1261 978 1422 1041; x_wconf 90' lang='lat' dir='ltr'>quaerere</span> 
     </span>
     <span class='ocr_line' id='line_1_2' title="bbox 248 1058 1422 1150; baseline 0.004 -27"><span class='ocrx_word' id='word_1_8' title='bbox 248 1058 398 1144; x_wconf 89' lang='lat' dir='ltr'>institui,</span> <span class='ocrx_word' id='word_1_9' title='bbox 427 1082 504 1125; x_wconf 92' lang='lat' dir='ltr'>cum</span> <span class='ocrx_word' id='word_1_10' title='bbox 532 1060 613 1145; x_wconf 90' lang='lat' dir='ltr'>quia</span> <span class='ocrx_word' id='word_1_11' title='bbox 640 1059 713 1124; x_wconf 88' lang='lat' dir='ltr'>sine</span> <span class='ocrx_word' id='word_1_12' title='bbox 741 1066 900 1124; x_wconf 87' lang='lat' dir='ltr'>accurata</span> <span class='ocrx_word' id='word_1_13' title='bbox 928 1083 1043 1125; x_wconf 88' lang='lat' dir='ltr'>earum</span> <span class='ocrx_word' id='word_1_14' title='bbox 1066 1062 1264 1148; x_wconf 68' lang='lat' dir='ltr'>cognitione</span> <span class='ocrx_word' id='word_1_15' title='bbox 1286 1069 1422 1150; x_wconf 87' lang='lat' dir='ltr'>poetam</span> 
     </span>
     <span class='ocr_line' id='line_1_3' title="bbox 248 1166 1422 1256; baseline 0.004 -26"><span class='ocrx_word' id='word_1_16' title='bbox 248 1188 361 1251; x_wconf 88' lang='lat' dir='ltr'>neque</span> <span class='ocrx_word' id='word_1_17' title='bbox 387 1166 544 1252; x_wconf 88' lang='lat' dir='ltr'>intellegi</span> <span class='ocrx_word' id='word_1_18' title='bbox 570 1172 663 1231; x_wconf 81' lang='lat' dir='ltr'>necte</span> <span class='ocrx_word' id='word_1_19' title='bbox 691 1189 801 1252; x_wconf 92' lang='lat' dir='ltr'>neque</span> <span class='ocrx_word' id='word_1_20' title='bbox 829 1166 1003 1232; x_wconf 90' lang='lat' dir='ltr'>emendari</span> <span class='ocrx_word' id='word_1_21' title='bbox 1025 1190 1123 1256; x_wconf 89' lang='lat' dir='ltr'>posse</span> <span class='ocrx_word' id='word_1_22' title='bbox 1150 1168 1236 1233; x_wconf 86' lang='lat' dir='ltr'>mihi</span> <span class='ocrx_word' id='word_1_23' title='bbox 1262 1170 1422 1256; x_wconf 77' lang='lat' dir='ltr'>persuasi,</span> 
     </span>
     <span class='ocr_line' id='line_1_4' title="bbox 248 1273 1422 1363; baseline 0.004 -26"><span class='ocrx_word' id='word_1_24' title='bbox 248 1278 323 1337; x_wconf 90' lang='lat' dir='ltr'>tum</span> <span class='ocrx_word' id='word_1_25' title='bbox 346 1273 438 1359; x_wconf 92' lang='lat' dir='ltr'>quod</span> <span class='ocrx_word' id='word_1_26' title='bbox 460 1274 549 1339; x_wconf 91' lang='lat' dir='ltr'>hanc</span> <span class='ocrx_word' id='word_1_27' title='bbox 564 1273 805 1360; x_wconf 88' lang='lat' dir='ltr'>grammaticae</span> <span class='ocrx_word' id='word_1_28' title='bbox 820 1274 1063 1362; x_wconf 74' lang='lat' dir='ltr'>Propertiaqae</span> <span class='ocrx_word' id='word_1_29' title='bbox 1078 1282 1211 1363; x_wconf 86' lang='lat' dir='ltr'>partem</span> <span class='ocrx_word' id='word_1_30' title='bbox 1230 1276 1422 1362; x_wconf 71' lang='lat' dir='ltr'>neglectam</span> 
     </span>
     <span class='ocr_line' id='line_1_5' title="bbox 247 1363 1024 1446; baseline 0.001 -3"><span class='ocrx_word' id='word_1_31' title='bbox 247 1376 319 1444; x_wconf 86' lang='lat' dir='ltr'>fere</span> <span class='ocrx_word' id='word_1_32' title='bbox 342 1380 452 1446; x_wconf 89' lang='lat' dir='ltr'>iacere</span> <span class='ocrx_word' id='word_1_33' title='bbox 475 1379 711 1446; x_wconf 90' lang='lat' dir='ltr'>animadverti.</span> <span class='ocrx_word' id='word_1_34' title='bbox 935 1371 937 1376; x_wconf 61' lang='grc'>’</span> <span class='ocrx_word' id='word_1_35' title='bbox 1021 1363 1024 1371; x_wconf 34' lang='lat'><strong>⁴</strong></span> 
     </span>
    </p>

    <p class='ocr_par' dir='ltr' id='par_1_2' title="bbox 247 1484 1423 2215">
     <span class='ocr_line' id='line_1_6' title="bbox 336 1484 1422 1575; baseline 0.004 -25"><span class='ocrx_word' id='word_1_36' title='bbox 336 1484 370 1550; x_wconf 85' lang='lat' dir='ltr'><strong>A</strong></span> <span class='ocrx_word' id='word_1_37' title='bbox 386 1485 574 1552; x_wconf 86' lang='lat' dir='ltr'>disserendi</span> <span class='ocrx_word' id='word_1_38' title='bbox 597 1485 729 1550; x_wconf 90' lang='lat' dir='ltr'>ratione</span> <span class='ocrx_word' id='word_1_39' title='bbox 753 1508 878 1569; x_wconf 89' lang='lat' dir='ltr'>eorum,</span> <span class='ocrx_word' id='word_1_40' title='bbox 902 1487 962 1571; x_wconf 90' lang='lat' dir='ltr'>qui</span> <span class='ocrx_word' id='word_1_41' title='bbox 985 1486 1109 1552; x_wconf 75' lang='lat' dir='ltr'>similia</span> <span class='ocrx_word' id='word_1_42' title='bbox 1124 1487 1252 1575; x_wconf 88' lang='lat' dir='ltr'>scripta</span> <span class='ocrx_word' id='word_1_43' title='bbox 1267 1487 1422 1554; x_wconf 85' lang='lat' dir='ltr'>confece-</span> 
     </span>
     <span class='ocr_line' id='line_1_7' title="bbox 247 1577 1422 1681; baseline 0.003 -23"><span class='ocrx_word' id='word_1_44' title='bbox 247 1599 338 1677; x_wconf 89' lang='lat' dir='ltr'>runt,</span> <span class='ocrx_word' id='word_1_45' title='bbox 362 1577 493 1658; x_wconf 88' lang='lat' dir='ltr'>duabus</span> <span class='ocrx_word' id='word_1_46' title='bbox 516 1592 617 1658; x_wconf 91' lang='lat' dir='ltr'>rebus</span> <span class='ocrx_word' id='word_1_47' title='bbox 641 1592 787 1657; x_wconf 85' lang='lat' dir='ltr'>discessi.</span> <span class='ocrx_word' id='word_1_48' title='bbox 825 1591 942 1678; x_wconf 86' lang='lat' dir='ltr'>Atque</span> <span class='ocrx_word' id='word_1_49' title='bbox 965 1593 1113 1680; x_wconf 88' lang='lat' dir='ltr'>primum</span> <span class='ocrx_word' id='word_1_50' title='bbox 1135 1594 1224 1658; x_wconf 87' lang='lat' dir='ltr'>nihil</span> <span class='ocrx_word' id='word_1_51' title='bbox 1247 1595 1422 1681; x_wconf 90' lang='lat' dir='ltr'>antiquius</span> 
     </span>
     <span class='ocr_line' id='line_1_8' title="bbox 247 1698 1422 1788; baseline 0.003 -25"><span class='ocrx_word' id='word_1_52' title='bbox 247 1698 365 1784; x_wconf 91' lang='lat' dir='ltr'>habui,</span> <span class='ocrx_word' id='word_1_53' title='bbox 394 1722 496 1785; x_wconf 87' lang='lat' dir='ltr'>quam</span> <span class='ocrx_word' id='word_1_54' title='bbox 523 1706 563 1764; x_wconf 89' lang='lat' dir='ltr'>ut</span> <span class='ocrx_word' id='word_1_55' title='bbox 590 1706 708 1764; x_wconf 70' lang='lat' dir='ltr'>textus·</span> <span class='ocrx_word' id='word_1_56' title='bbox 732 1705 853 1786; x_wconf 90' lang='lat' dir='ltr'>poetae</span> <span class='ocrx_word' id='word_1_57' title='bbox 881 1705 984 1784; x_wconf 90' lang='lat' dir='ltr'>atque</span> <span class='ocrx_word' id='word_1_58' title='bbox 1011 1699 1253 1788; x_wconf 70' lang='lat' dir='ltr'>interpretatio</span> <span class='ocrx_word' id='word_1_59' title='bbox 1281 1701 1422 1769; x_wconf 87' lang='lat' dir='ltr'>adiuva-</span> 
     </span>
     <span class='ocr_line' id='line_1_9' title="bbox 247 1805 1422 1895; baseline 0.003 -25"><span class='ocrx_word' id='word_1_60' title='bbox 247 1812 377 1870; x_wconf 87' lang='lat' dir='ltr'>rentur.</span> <span class='ocrx_word' id='word_1_61' title='bbox 386 1806 410 1888; x_wconf 89' lang='grc'>1)</span> <span class='ocrx_word' id='word_1_62' title='bbox 456 1805 604 1890; x_wconf 91' lang='lat' dir='ltr'>Deinde,</span> <span class='ocrx_word' id='word_1_63' title='bbox 632 1811 671 1870; x_wconf 90' lang='lat' dir='ltr'>ut</span> <span class='ocrx_word' id='word_1_64' title='bbox 694 1811 877 1890; x_wconf 90' lang='lat' dir='ltr'>utrumque</span> <span class='ocrx_word' id='word_1_65' title='bbox 900 1827 1107 1890; x_wconf 77' lang='lat' dir='ltr'>assequerer,</span> <span class='ocrx_word' id='word_1_66' title='bbox 1136 1807 1422 1895; x_wconf 82' lang='lat' dir='ltr'>quamplurimos</span> 
     </span>
     <span class='ocr_line' id='line_1_10' title="bbox 247 1911 1423 2000; baseline 0.004 -24"><span class='ocrx_word' id='word_1_67' title='bbox 247 1918 401 2000; x_wconf 86' lang='lat' dir='ltr'>poteram</span> <span class='ocrx_word' id='word_1_68' title='bbox 424 1919 541 2000; x_wconf 88' lang='lat' dir='ltr'>poetas</span> <span class='ocrx_word' id='word_1_69' title='bbox 565 1933 642 1976; x_wconf 94' lang='lat' dir='ltr'>cum</span> <span class='ocrx_word' id='word_1_70' title='bbox 665 1911 844 1999; x_wconf 87' lang='lat' dir='ltr'>Propertio</span> <span class='ocrx_word' id='word_1_71' title='bbox 868 1911 1070 1999; x_wconf 88' lang='lat' dir='ltr'>comparavi.</span> <span class='ocrx_word' id='word_1_72' title='bbox 1108 1911 1185 1990; x_wconf 79' lang='lat' dir='ltr'>Qua</span> <span class='ocrx_word' id='word_1_73' title='bbox 1206 1914 1423 1981; x_wconf 87' lang='lat' dir='ltr'>viacriticos</span> 
     </span>
     <span class='ocr_line' id='line_1_11' title="bbox 249 2019 1423 2108; baseline 0.004 -25"><span class='ocrx_word' id='word_1_74' title='bbox 249 2025 351 2103; x_wconf 90' lang='lat' dir='ltr'>atque</span> <span class='ocrx_word' id='word_1_75' title='bbox 388 2019 594 2105; x_wconf 87' lang='lat' dir='ltr'>interpretes</span> <span class='ocrx_word' id='word_1_76' title='bbox 630 2019 856 2106; x_wconf 89' lang='lat' dir='ltr'>prosperrime</span> <span class='ocrx_word' id='word_1_77' title='bbox 887 2022 1051 2108; x_wconf 86' lang='lat' dir='ltr'>progredi</span> <span class='ocrx_word' id='word_1_78' title='bbox 1089 2042 1293 2107; x_wconf 88' lang='lat' dir='ltr'>quamquam</span> <span class='ocrx_word' id='word_1_79' title='bbox 1330 2022 1423 2088; x_wconf 89' lang='lat' dir='ltr'>inter</span> 
     </span>
     <span class='ocr_line' id='line_1_12' title="bbox 248 2125 1422 2215; baseline 0.004 -25"><span class='ocrx_word' id='word_1_80' title='bbox 248 2147 363 2190; x_wconf 88' lang='lat' dir='ltr'>omnes</span> <span class='ocrx_word' id='word_1_81' title='bbox 380 2132 522 2210; x_wconf 90' lang='lat' dir='ltr'>constat,</span> <span class='ocrx_word' id='word_1_82' title='bbox 545 2133 661 2191; x_wconf 91' lang='lat' dir='ltr'>tamen</span> <span class='ocrx_word' id='word_1_83' title='bbox 676 2125 756 2190; x_wconf 91' lang='lat' dir='ltr'>huic</span> <span class='ocrx_word' id='word_1_84' title='bbox 777 2127 860 2192; x_wconf 89' lang='lat' dir='ltr'>artis</span> <span class='ocrx_word' id='word_1_85' title='bbox 877 2128 1015 2193; x_wconf 90' lang='lat' dir='ltr'>criticae</span> <span class='ocrx_word' id='word_1_86' title='bbox 1031 2127 1227 2193; x_wconf 90' lang='lat' dir='ltr'>necessitati</span> <span class='ocrx_word' id='word_1_87' title='bbox 1242 2128 1422 2215; x_wconf 90' lang='lat' dir='ltr'>scriptores</span> 
     </span>
    </p>
   </div>
   <div class='ocr_carea' id='block_1_2' title="bbox 248 2233 1537 2322">
    <p class='ocr_par' dir='ltr' id='par_1_3' title="bbox 248 2233 1537 2322">
     <span class='ocr_line' id='line_1_13' title="bbox 248 2233 1537 2322; baseline 0.003 -25"><span class='ocrx_word' id='word_1_88' title='bbox 248 2233 571 2298; x_wconf 89' lang='lat' dir='ltr'>commentationum</span> <span class='ocrx_word' id='word_1_89' title='bbox 586 2233 886 2321; x_wconf 88' lang='lat' dir='ltr'>Propertianarum</span> <span class='ocrx_word' id='word_1_90' title='bbox 903 2257 1024 2322; x_wconf 87' lang='lat' dir='ltr'>parum</span> <span class='ocrx_word' id='word_1_91' title='bbox 1046 2241 1234 2322; x_wconf 89' lang='lat' dir='ltr'>paruerunt</span> <span class='ocrx_word' id='word_1_92' title='bbox 1258 2257 1364 2320; x_wconf 88' lang='lat' dir='ltr'>eaque</span> <span class='ocrx_word' id='word_1_93' title='bbox 1380 2235 1422 2301; x_wconf 91' lang='lat' dir='ltr'>de</span> <span class='ocrx_word' id='word_1_94' title='bbox 1532 2309 1537 2322; x_wconf 28' lang='grc' dir='ltr'>δ</span> 
     </span>
    </p>
   </div>
   <div class='ocr_carea' id='block_1_3' title="bbox 248 2340 1423 3071">
    <p class='ocr_par' dir='ltr' id='par_1_4' title="bbox 248 2340 1423 2514">
     <span class='ocr_line' id='line_1_14' title="bbox 248 2340 1423 2426; baseline 0.003 -22"><span class='ocrx_word' id='word_1_95' title='bbox 248 2362 348 2405; x_wconf 88' lang='lat' dir='ltr'>causa</span> <span class='ocrx_word' id='word_1_96' title='bbox 379 2340 521 2404; x_wconf 84' lang='lat' dir='ltr'>mutatis</span> <span class='ocrx_word' id='word_1_97' title='bbox 554 2340 708 2406; x_wconf 87' lang='lat' dir='ltr'>codicum</span> <span class='ocrx_word' id='word_1_98' title='bbox 740 2341 945 2407; x_wconf 89' lang='lat' dir='ltr'>lectionibus</span> <span class='ocrx_word' id='word_1_99' title='bbox 983 2348 1018 2407; x_wconf 91' lang='lat' dir='ltr'>et</span> <span class='ocrx_word' id='word_1_100' title='bbox 1046 2341 1202 2406; x_wconf 87' lang='lat' dir='ltr'>traiectis</span> <span class='ocrx_word' id='word_1_101' title='bbox 1240 2341 1423 2426; x_wconf 88' lang='lat' dir='ltr'>eiectisque</span> 
     </span>
     <span class='ocr_line' id='line_1_15' title="bbox 248 2446 954 2514; baseline 0 -1"><span class='ocrx_word' id='word_1_102' title='bbox 248 2446 402 2513; x_wconf 90' lang='lat' dir='ltr'>versibus</span> <span class='ocrx_word' id='word_1_103' title='bbox 425 2453 560 2512; x_wconf 82' lang='lat' dir='ltr'>textum</span> <span class='ocrx_word' id='word_1_104' title='bbox 582 2447 710 2512; x_wconf 88' lang='lat' dir='ltr'>iniuria</span> <span class='ocrx_word' id='word_1_105' title='bbox 732 2455 954 2514; x_wconf 88' lang='lat' dir='ltr'>vexaverunt.</span> 
     </span>
    </p>

    <p class='ocr_par' dir='ltr' id='par_1_5' title="bbox 248 2553 1423 3071">
     <span class='ocr_line' id='line_1_16' title="bbox 336 2553 1423 2642; baseline 0 -24"><span class='ocrx_word' id='word_1_106' title='bbox 336 2554 456 2639; x_wconf 90' lang='lat' dir='ltr'>Neque</span> <span class='ocrx_word' id='word_1_107' title='bbox 478 2553 645 2618; x_wconf 90' lang='lat' dir='ltr'>minorem</span> <span class='ocrx_word' id='word_1_108' title='bbox 672 2554 859 2619; x_wconf 81' lang='lat' dir='ltr'>utilitatem</span> <span class='ocrx_word' id='word_1_109' title='bbox 889 2577 931 2620; x_wconf 83' lang='lat' dir='ltr'>ex</span> <span class='ocrx_word' id='word_1_110' title='bbox 953 2555 1013 2619; x_wconf 87' lang='lat' dir='ltr'>illa</span> <span class='ocrx_word' id='word_1_111' title='bbox 1037 2554 1288 2642; x_wconf 90' lang='lat' dir='ltr'>comparatione</span> <span class='ocrx_word' id='word_1_112' title='bbox 1311 2576 1423 2641; x_wconf 91' lang='lat' dir='ltr'>gram·</span> 
     </span>
     <span class='ocr_line' id='line_1_17' title="bbox 248 2660 1423 2749; baseline 0.002 -26"><span class='ocrx_word' id='word_1_113' title='bbox 248 2660 366 2725; x_wconf 91' lang='lat' dir='ltr'>matici</span> <span class='ocrx_word' id='word_1_114' title='bbox 402 2667 436 2725; x_wconf 93' lang='lat' dir='ltr'>et</span> <span class='ocrx_word' id='word_1_115' title='bbox 468 2660 702 2748; x_wconf 86' lang='lat' dir='ltr'>lexicographi</span> <span class='ocrx_word' id='word_1_116' title='bbox 735 2661 880 2749; x_wconf 89' lang='lat' dir='ltr'>capient.</span> <span class='ocrx_word' id='word_1_117' title='bbox 934 2662 1023 2727; x_wconf 88' lang='lat' dir='ltr'>Nam</span> <span class='ocrx_word' id='word_1_118' title='bbox 1059 2668 1299 2749; x_wconf 90' lang='lat' dir='ltr'>praeterquam</span> <span class='ocrx_word' id='word_1_119' title='bbox 1331 2661 1423 2746; x_wconf 92' lang='lat' dir='ltr'>quod</span> 
     </span>
     <span class='ocr_line' id='line_1_18' title="bbox 249 2767 1423 2855; baseline 0 -23"><span class='ocrx_word' id='word_1_120' title='bbox 249 2768 404 2854; x_wconf 84' lang='lat' dir='ltr'>exempla</span> <span class='ocrx_word' id='word_1_121' title='bbox 429 2767 640 2855; x_wconf 90' lang='lat' dir='ltr'>proprietate</span> <span class='ocrx_word' id='word_1_122' title='bbox 667 2768 819 2854; x_wconf 89' lang='lat' dir='ltr'>insignia</span> <span class='ocrx_word' id='word_1_123' title='bbox 847 2775 1031 2855; x_wconf 89' lang='lat' dir='ltr'>augentur,</span> <span class='ocrx_word' id='word_1_124' title='bbox 1058 2791 1112 2833; x_wconf 88' lang='lat' dir='ltr'>res</span> <span class='ocrx_word' id='word_1_125' title='bbox 1139 2768 1177 2833; x_wconf 90' lang='lat' dir='ltr'>in</span> <span class='ocrx_word' id='word_1_126' title='bbox 1202 2768 1423 2854; x_wconf 87' lang='lat' dir='ltr'>grammatica</span> 
     </span>
     <span class='ocr_line' id='line_1_19' title="bbox 248 2872 1422 2963; baseline 0.001 -25"><span class='ocrx_word' id='word_1_127' title='bbox 248 2873 356 2939; x_wconf 89' lang='lat' dir='ltr'>latina</span> <span class='ocrx_word' id='word_1_128' title='bbox 379 2872 451 2940; x_wconf 87' lang='lat' dir='ltr'>sive</span> <span class='ocrx_word' id='word_1_129' title='bbox 482 2873 662 2960; x_wconf 89' lang='lat' dir='ltr'>ambiguae</span> <span class='ocrx_word' id='word_1_130' title='bbox 694 2875 766 2941; x_wconf 91' lang='lat' dir='ltr'>sive</span> <span class='ocrx_word' id='word_1_131' title='bbox 792 2875 932 2961; x_wconf 88' lang='lat' dir='ltr'>ignotae</span> <span class='ocrx_word' id='word_1_132' title='bbox 965 2875 1032 2940; x_wconf 91' lang='lat' dir='ltr'>nisi</span> <span class='ocrx_word' id='word_1_133' title='bbox 1054 2876 1194 2961; x_wconf 88' lang='lat' dir='ltr'>negotio</span> <span class='ocrx_word' id='word_1_134' title='bbox 1218 2882 1351 2963; x_wconf 91' lang='lat' dir='ltr'>poetae,</span> <span class='ocrx_word' id='word_1_135' title='bbox 1381 2874 1422 2939; x_wconf 91' lang='lat' dir='ltr'>de</span> 
     </span>
     <span class='ocr_line' id='line_1_20' title="bbox 249 2980 1422 3071; baseline 0 -26"><span class='ocrx_word' id='word_1_136' title='bbox 249 3002 316 3065; x_wconf 91' lang='lat' dir='ltr'>quo</span> <span class='ocrx_word' id='word_1_137' title='bbox 340 2980 514 3066; x_wconf 80' lang='lat' dir='ltr'>scribitur,</span> <span class='ocrx_word' id='word_1_138' title='bbox 543 3004 620 3047; x_wconf 92' lang='lat' dir='ltr'>cum</span> <span class='ocrx_word' id='word_1_139' title='bbox 643 2981 718 3046; x_wconf 89' lang='lat' dir='ltr'>aliis</span> <span class='ocrx_word' id='word_1_140' title='bbox 742 2982 925 3047; x_wconf 86' lang='lat' dir='ltr'>latinitatis</span> <span class='ocrx_word' id='word_1_141' title='bbox 947 2982 1101 3071; x_wconf 85' lang='lat' dir='ltr'>poeticae</span> <span class='ocrx_word' id='word_1_142' title='bbox 1125 2981 1320 3047; x_wconf 90' lang='lat' dir='ltr'>auctoribus</span> <span class='ocrx_word' id='word_1_143' title='bbox 1344 3003 1422 3046; x_wconf 89' lang='lat' dir='ltr'>con·</span> 
     </span>
    </p>
   </div>
   <div class='ocr_carea' id='block_1_4' title="bbox 248 3085 1254 3175">
    <p class='ocr_par' dir='ltr' id='par_1_6' title="bbox 248 3085 1254 3175">
     <span class='ocr_line' id='line_1_21' title="bbox 248 3085 1254 3175; baseline 0.001 -24"><span class='ocrx_word' id='word_1_144' title='bbox 248 3085 382 3152; x_wconf 83' lang='lat' dir='ltr'>ferendi</span> <span class='ocrx_word' id='word_1_145' title='bbox 405 3095 560 3175; x_wconf 90' lang='lat' dir='ltr'>suscepto</span> <span class='ocrx_word' id='word_1_146' title='bbox 584 3087 622 3152; x_wconf 90' lang='lat' dir='ltr'>in</span> <span class='ocrx_word' id='word_1_147' title='bbox 643 3089 719 3153; x_wconf 90' lang='lat' dir='ltr'>luce</span> <span class='ocrx_word' id='word_1_148' title='bbox 743 3087 914 3154; x_wconf 83' lang='lat' dir='ltr'>efficacius</span> <span class='ocrx_word' id='word_1_149' title='bbox 937 3111 1008 3154; x_wconf 89' lang='lat' dir='ltr'>non</span> <span class='ocrx_word' id='word_1_150' title='bbox 1032 3087 1254 3154; x_wconf 71' lang='lat' dir='ltr'>collocantur</span> 
     </span>
    </p>
   </div>
   <div class='ocr_carea' id='block_1_5' title="bbox 566 3337 1112 3594">
    <p class='ocr_par' dir='ltr' id='par_1_7' title="bbox 566 3337 1112 3594">
     <span class='ocr_line' id='line_1_22' title="bbox 748 3337 922 3440; baseline 0 -20"><span class='ocrx_word' id='word_1_151' title='bbox 748 3337 869 3440; x_wconf 77' lang='lat' dir='ltr'>caput</span> <span class='ocrx_word' id='word_1_152' title='bbox 896 3338 922 3420; x_wconf 90' lang='grc' dir='ltr'>Ι.</span> 
     </span>
     <span class='ocr_line' id='line_1_23' title="bbox 566 3495 1112 3594; baseline 0.005 -4"><span class='ocrx_word' id='word_1_153' title='bbox 566 3495 639 3593; x_wconf 77' lang='lat' dir='ltr'>lle</span> <span class='ocrx_word' id='word_1_154' title='bbox 672 3495 1112 3594; x_wconf 85' lang='lat' dir='ltr'>coniunctionibus.</span> 
     </span>
    </p>
   </div>
   <div class='ocr_carea' id='block_1_6' title="bbox 510 3747 1164 3834">
    <p class='ocr_par' dir='ltr' id='par_1_8' title="bbox 510 3747 1164 3834">
     <span class='ocr_line' id='line_1_24' title="bbox 510 3747 1164 3834; baseline -0.003 -20"><span class='ocrx_word' id='word_1_155' title='bbox 510 3747 545 3814; x_wconf 84' lang='grc' dir='ltr'>Α.</span> <span class='ocrx_word' id='word_1_156' title='bbox 592 3747 636 3814; x_wconf 78' lang='lat' dir='ltr'>Ba</span> <span class='ocrx_word' id='word_1_157' title='bbox 659 3747 937 3817; x_wconf 80' lang='lat' dir='ltr'>coniunctionibus</span> <span class='ocrx_word' id='word_1_158' title='bbox 962 3748 1164 3834; x_wconf 72' lang='lat' dir='ltr'>copulatius.</span> 
     </span>
    </p>
   </div>
   <div class='ocr_carea' id='block_1_7' title="bbox 248 3885 1500 4188">
    <p class='ocr_par' dir='ltr' id='par_1_9' title="bbox 248 3885 1500 4188">
     <span class='ocr_line' id='line_1_25' title="bbox 340 3885 1421 3978; baseline -0.001 -27"><span class='ocrx_word' id='word_1_159' title='bbox 340 3892 367 3951; x_wconf 91' lang='lat'>1.</span> <span class='ocrx_word' id='word_1_160' title='bbox 399 3887 614 3952; x_wconf 87' lang='lat' dir='ltr'>Elocutionis</span> <span class='ocrx_word' id='word_1_161' title='bbox 633 3886 779 3952; x_wconf 85' lang='lat' dir='ltr'>formula</span> <span class='ocrx_word' id='word_1_162' title='bbox 803 3887 863 3978; x_wconf 81' lang='lat' dir='ltr'>‘Ac</span> <span class='ocrx_word' id='word_1_163' title='bbox 878 3887 1133 3976; x_wconf 86' lang='lat' dir='ltr'>veluti’poetis</span> <span class='ocrx_word' id='word_1_164' title='bbox 1154 3885 1332 3974; x_wconf 88' lang='lat' dir='ltr'>tantopere</span> <span class='ocrx_word' id='word_1_165' title='bbox 1349 3893 1421 3951; x_wconf 89' lang='lat' dir='ltr'>erat</span> 
     </span>
     <span class='ocr_line' id='line_1_26' title="bbox 249 3992 1421 4078; baseline 0 -22"><span class='ocrx_word' id='word_1_166' title='bbox 249 3992 297 4076; x_wconf 86' lang='lat' dir='ltr'>in</span> <span class='ocrx_word' id='word_1_167' title='bbox 310 3992 453 4078; x_wconf 88' lang='lat' dir='ltr'>deliciis,</span> <span class='ocrx_word' id='word_1_168' title='bbox 481 4001 522 4058; x_wconf 93' lang='lat' dir='ltr'>ut</span> <span class='ocrx_word' id='word_1_169' title='bbox 544 3994 717 4059; x_wconf 86' lang='lat' dir='ltr'>interdum</span> <span class='ocrx_word' id='word_1_170' title='bbox 744 4001 937 4078; x_wconf 89' lang='lat' dir='ltr'>uterentur,</span> <span class='ocrx_word' id='word_1_171' title='bbox 962 3994 1102 4078; x_wconf 88' lang='lat' dir='ltr'>etiamsi,</span> <span class='ocrx_word' id='word_1_172' title='bbox 1128 3993 1310 4077; x_wconf 87' lang='lat' dir='ltr'>sententia,</span> <span class='ocrx_word' id='word_1_173' title='bbox 1335 4015 1421 4077; x_wconf 91' lang='lat' dir='ltr'>quae</span> 
     </span>
     <span class='ocr_line' id='line_1_27' title="bbox 248 4099 1500 4188; baseline 0 -24"><span class='ocrx_word' id='word_1_174' title='bbox 248 4099 485 4186; x_wconf 88' lang='lat' dir='ltr'>illustraretur,</span> <span class='ocrx_word' id='word_1_175' title='bbox 508 4101 699 4188; x_wconf 86' lang='lat' dir='ltr'>praemissa,</span> <span class='ocrx_word' id='word_1_176' title='bbox 723 4102 767 4166; x_wconf 86' lang='lat' dir='ltr'>ad</span> <span class='ocrx_word' id='word_1_177' title='bbox 791 4102 1059 4167; x_wconf 89' lang='lat' dir='ltr'>continuandam</span> <span class='ocrx_word' id='word_1_178' title='bbox 1075 4102 1263 4166; x_wconf 89' lang='lat' dir='ltr'>orationem</span> <span class='ocrx_word' id='word_1_179' title='bbox 1278 4099 1422 4188; x_wconf 86' lang='lat' dir='ltr'>simplex</span> <span class='ocrx_word' id='word_1_180' title='bbox 1499 4135 1500 4140; x_wconf 18' lang='grc' dir='ltr'><strong>κ</strong></span> 
     </span>
    </p>
   </div>
   <div class='ocr_carea' id='block_1_8' title="bbox 340 4276 1422 4348">
    <p class='ocr_par' dir='ltr' id='par_1_10' title="bbox 340 4276 1422 4348">
     <span class='ocr_line' id='line_1_28' title="bbox 340 4276 1422 4348; baseline 0 -18"><span class='ocrx_word' id='word_1_181' title='bbox 340 4279 360 4347; x_wconf 83' lang='lat'>¹)</span> <span class='ocrx_word' id='word_1_182' title='bbox 378 4276 455 4330; x_wconf 89' lang='lat' dir='ltr'>Nihil</span> <span class='ocrx_word' id='word_1_183' title='bbox 473 4276 510 4330; x_wconf 90' lang='lat' dir='ltr'>ad</span> <span class='ocrx_word' id='word_1_184' title='bbox 528 4279 636 4347; x_wconf 73' lang='lat' dir='ltr'>textum</span> <span class='ocrx_word' id='word_1_185' title='bbox 654 4280 683 4332; x_wconf 90' lang='lat' dir='ltr'>et</span> <span class='ocrx_word' id='word_1_186' title='bbox 700 4277 959 4348; x_wconf 82' lang='lat' dir='ltr'>interpretationem</span> <span class='ocrx_word' id='word_1_187' title='bbox 978 4277 1169 4334; x_wconf 86' lang='lat' dir='ltr'>contulerunt:</span> <span class='ocrx_word' id='word_1_188' title='bbox 1186 4277 1332 4336; x_wconf 73' lang='lat' dir='ltr'>,Frahnert</span> <span class='ocrx_word' id='word_1_189' title='bbox 1350 4278 1422 4345; x_wconf 83' lang='lat' dir='ltr'>(aum</span> 
     </span>
    </p>
   </div>
   <div class='ocr_carea' id='block_1_9' title="bbox 249 4365 1420 4500">
    <p class='ocr_par' dir='ltr' id='par_1_11' title="bbox 249 4365 1420 4500">
     <span class='ocr_line' id='line_1_29' title="bbox 249 4365 1420 4500; baseline 0 -80"><span class='ocrx_word' id='word_1_190' title='bbox 249 4365 496 4437; x_wconf 80' lang='lat' dir='ltr'>Sprachgebrauch</span> <span class='ocrx_word' id='word_1_191' title='bbox 523 4365 548 4419; x_wconf 90' lang='lat' dir='ltr'>d.</span> <span class='ocrx_word' id='word_1_192' title='bbox 568 4366 649 4436; x_wconf 87' lang='lat' dir='ltr'>Prop.</span> <span class='ocrx_word' id='word_1_193' title='bbox 686 4365 876 4436; x_wconf 81' lang='lat' dir='ltr'>Halie1874).</span> <span class='ocrx_word' id='word_1_194' title='bbox 913 4366 1033 4420; x_wconf 88' lang='lat' dir='ltr'>Kuttnar</span> <span class='ocrx_word' id='word_1_195' title='bbox 1061 4367 1106 4438; x_wconf 92' lang='lat' dir='ltr'>(de</span> <span class='ocrx_word' id='word_1_196' title='bbox 1135 4365 1290 4500; x_wconf 73' lang='lat' dir='ltr'>elocptione</span> <span class='ocrx_word' id='word_1_197' title='bbox 1316 4368 1420 4434; x_wconf 86' lang='lat' dir='ltr'>quaest.</span> 
     </span>
    </p>
   </div>
   <div class='ocr_carea' id='block_1_10' title="bbox 0 0 1587 5132">
    <p class='ocr_par' dir='ltr' id='par_1_12' title="bbox 0 0 1587 5132">
     <span class='ocr_line' id='line_1_30' title="bbox 0 0 1587 5132; baseline 0 0"><span class='ocrx_word' id='word_1_198' title='bbox 0 0 1587 5132; x_wconf 95' lang='lat' dir='ltr'> </span> 
     </span>
    </p>
   </div>
  </div>
 </body>
</html>
