<?xml version="1.0" encoding="UTF-8"?>
<!DOCTYPE html PUBLIC "-//W3C//DTD XHTML 1.0 Transitional//EN"
    "http://www.w3.org/TR/xhtml1/DTD/xhtml1-transitional.dtd">
<html xmlns="http://www.w3.org/1999/xhtml" xml:lang="en" lang="en">
 <head>
  <title>
</title>
<meta http-equiv="Content-Type" content="text/html;charset=utf-8" />
  <meta name='ocr-system' content='tesseract 3.04.00' />
  <meta name='ocr-capabilities' content='ocr_page ocr_carea ocr_par ocr_line ocrx_word'/>
</head>
<body>
  <div class='ocr_page' id='page_1' title='image "./desermoneproper00spangoog_0017.png"; bbox 0 0 3164 5132; ppageno 0'>
   <div class='ocr_carea' id='block_1_1' title="bbox 723 317 922 375">
    <p class='ocr_par' dir='ltr' id='par_1_1' title="bbox 723 317 922 375">
     <span class='ocr_line' id='line_1_1' title="bbox 723 317 922 375; baseline 0.01 -19"><span class='ocrx_word' id='word_1_1' title='bbox 723 317 922 375; x_wconf 77' lang='grc'>-9-</span> 
     </span>
    </p>
   </div>
   <div class='ocr_carea' id='block_1_2' title="bbox 234 485 1411 4199">
    <p class='ocr_par' dir='ltr' id='par_1_2' title="bbox 236 485 1405 678">
     <span class='ocr_line' id='line_1_2' title="bbox 323 485 1405 572; baseline 0.004 -22"><span class='ocrx_word' id='word_1_2' title='bbox 323 485 414 569; x_wconf 89' lang='lat' dir='ltr'>Visa,</span> <span class='ocrx_word' id='word_1_3' title='bbox 437 507 548 570; x_wconf 91' lang='lat' dir='ltr'>neque</span> <span class='ocrx_word' id='word_1_4' title='bbox 572 487 701 552; x_wconf 89' lang='lat' dir='ltr'>ostrina</span> <span class='ocrx_word' id='word_1_5' title='bbox 724 509 801 551; x_wconf 91' lang='lat' dir='ltr'>oum</span> <span class='ocrx_word' id='word_1_6' title='bbox 823 485 892 552; x_wconf 88' lang='lat' dir='ltr'>fuit</span> <span class='ocrx_word' id='word_1_7' title='bbox 906 487 944 552; x_wconf 95' lang='lat' dir='ltr'>in</span> <span class='ocrx_word' id='word_1_8' title='bbox 959 487 1098 553; x_wconf 84' lang='lat' dir='ltr'>tunioa&#39;.</span> <span class='ocrx_word' id='word_1_9' title='bbox 1136 489 1190 553; x_wconf 93' lang='grc' dir='ltr'>ΙΠ</span> <span class='ocrx_word' id='word_1_10' title='bbox 1209 495 1258 572; x_wconf 96' lang='grc'>14,</span> <span class='ocrx_word' id='word_1_11' title='bbox 1276 495 1317 554; x_wconf 94' lang='grc'>30</span> <span class='ocrx_word' id='word_1_12' title='bbox 1341 486 1405 554; x_wconf 80' lang='lat' dir='ltr'>‘At</span> 
     </span>
     <span class='ocr_line' id='line_1_3' title="bbox 236 591 999 678; baseline 0.003 -22"><span class='ocrx_word' id='word_1_13' title='bbox 236 598 355 657; x_wconf 88' lang='lat' dir='ltr'>nostra</span> <span class='ocrx_word' id='word_1_14' title='bbox 376 591 515 678; x_wconf 89' lang='lat' dir='ltr'>ingenti</span> <span class='ocrx_word' id='word_1_15' title='bbox 537 592 635 658; x_wconf 89' lang='lat' dir='ltr'>vadit</span> <span class='ocrx_word' id='word_1_16' title='bbox 658 593 867 658; x_wconf 87' lang='lat' dir='ltr'>circumdata</span> <span class='ocrx_word' id='word_1_17' title='bbox 889 593 999 677; x_wconf 90' lang='lat' dir='ltr'>turba,</span> 
     </span>
    </p>

    <p class='ocr_par' dir='ltr' id='par_1_3' title="bbox 345 698 1134 787">
     <span class='ocr_line' id='line_1_4' title="bbox 345 698 1134 787; baseline 0.003 -23"><span class='ocrx_word' id='word_1_18' title='bbox 345 698 418 764; x_wconf 88' lang='lat' dir='ltr'>Nec</span> <span class='ocrx_word' id='word_1_19' title='bbox 442 699 589 786; x_wconf 75' lang='lat' dir='ltr'><strong>digitum</strong></span> <span class='ocrx_word' id='word_1_20' title='bbox 613 707 759 787; x_wconf 87' lang='lat' dir='ltr'>angusta</span> <span class='ocrx_word' id='word_1_21' title='bbox 781 708 832 766; x_wconf 79' lang='lat' dir='ltr'>est</span> <span class='ocrx_word' id='word_1_22' title='bbox 854 701 1035 767; x_wconf 89' lang='lat' dir='ltr'>inseruisse</span> <span class='ocrx_word' id='word_1_23' title='bbox 1057 701 1134 768; x_wconf 90' lang='lat' dir='ltr'>via&#39;.</span> 
     </span>
    </p>

    <p class='ocr_par' dir='ltr' id='par_1_4' title="bbox 234 804 1408 1637">
     <span class='ocr_line' id='line_1_5' title="bbox 325 804 1407 895; baseline 0.003 -24"><span class='ocrx_word' id='word_1_24' title='bbox 325 812 374 871; x_wconf 89' lang='grc'>14.</span> <span class='ocrx_word' id='word_1_25' title='bbox 407 804 524 890; x_wconf 89' lang='lat' dir='ltr'>Atque</span> <span class='ocrx_word' id='word_1_26' title='bbox 547 806 650 872; x_wconf 91' lang='lat' dir='ltr'>etiam</span> <span class='ocrx_word' id='word_1_27' title='bbox 673 807 854 892; x_wconf 79' lang='lat' dir='ltr'>Catullum,</span> <span class='ocrx_word' id='word_1_28' title='bbox 878 806 1063 891; x_wconf 75' lang='lat' dir='ltr'>Tibullum,</span> <span class='ocrx_word' id='word_1_29' title='bbox 1087 808 1303 895; x_wconf 88' lang='lat' dir='ltr'>Propertium</span> <span class='ocrx_word' id='word_1_30' title='bbox 1326 808 1407 874; x_wconf 88' lang='lat' dir='ltr'>Ovi·</span> 
     </span>
     <span class='ocr_line' id='line_1_6' title="bbox 235 911 1407 1002; baseline 0.003 -26"><span class='ocrx_word' id='word_1_31' title='bbox 235 911 330 977; x_wconf 89' lang='lat' dir='ltr'>dium</span> <span class='ocrx_word' id='word_1_32' title='bbox 352 912 486 978; x_wconf 88' lang='lat' dir='ltr'>videbis</span> <span class='ocrx_word' id='word_1_33' title='bbox 509 913 664 979; x_wconf 88' lang='lat' dir='ltr'>voculam</span> <span class='ocrx_word' id='word_1_34' title='bbox 689 915 778 979; x_wconf 85' lang='lat' dir='ltr'>‘nec’</span> <span class='ocrx_word' id='word_1_35' title='bbox 801 935 864 1002; x_wconf 92' lang='lat' dir='ltr'>pro</span> <span class='ocrx_word' id='word_1_36' title='bbox 893 914 987 980; x_wconf 86' lang='lat' dir='ltr'>‘non&#39;</span> <span class='ocrx_word' id='word_1_37' title='bbox 1011 937 1203 1002; x_wconf 77' lang='lat' dir='ltr'>usurpasse,</span> <span class='ocrx_word' id='word_1_38' title='bbox 1232 936 1333 1000; x_wconf 90' lang='lat' dir='ltr'>quem</span> <span class='ocrx_word' id='word_1_39' title='bbox 1356 914 1407 979; x_wconf 84' lang='lat' dir='ltr'>‹li-</span> 
     </span>
     <span class='ocr_line' id='line_1_7' title="bbox 235 1019 1408 1108; baseline 0.002 -25"><span class='ocrx_word' id='word_1_40' title='bbox 235 1019 337 1084; x_wconf 86' lang='lat' dir='ltr'>cendi</span> <span class='ocrx_word' id='word_1_41' title='bbox 358 1041 458 1085; x_wconf 90' lang='lat' dir='ltr'>usum</span> <span class='ocrx_word' id='word_1_42' title='bbox 479 1020 671 1086; x_wconf 79' lang='lat' dir='ltr'>veterrimis</span> <span class='ocrx_word' id='word_1_43' title='bbox 696 1020 889 1086; x_wconf 86' lang='lat' dir='ltr'>comoediae</span> <span class='ocrx_word' id='word_1_44' title='bbox 911 1021 1133 1108; x_wconf 67' lang='lat' dir='ltr'>scriptoribus</span> <span class='ocrx_word' id='word_1_45' title='bbox 1153 1022 1232 1087; x_wconf 91' lang='lat' dir='ltr'>solis</span> <span class='ocrx_word' id='word_1_46' title='bbox 1254 1022 1408 1107; x_wconf 85' lang='lat' dir='ltr'>Draeger</span> 
     </span>
     <span class='ocr_line' id='line_1_8' title="bbox 235 1125 1407 1214; baseline 0.003 -23"><span class='ocrx_word' id='word_1_47' title='bbox 235 1126 284 1208; x_wconf 81' lang='grc' dir='ltr'>(Π</span> <span class='ocrx_word' id='word_1_48' title='bbox 295 1129 349 1210; x_wconf 81' lang='grc'>67)</span> <span class='ocrx_word' id='word_1_49' title='bbox 358 1125 513 1214; x_wconf 87' lang='lat' dir='ltr'>inspecto</span> <span class='ocrx_word' id='word_1_50' title='bbox 523 1125 703 1193; x_wconf 80' lang='lat' dir='ltr'>Ribbeoka</span> <span class='ocrx_word' id='word_1_51' title='bbox 712 1127 829 1193; x_wconf 89' lang='lat' dir='ltr'>libello</span> <span class='ocrx_word' id='word_1_52' title='bbox 839 1149 910 1193; x_wconf 93' lang='lat' dir='ltr'>non</span> <span class='ocrx_word' id='word_1_53' title='bbox 919 1128 1144 1194; x_wconf 90' lang='lat' dir='ltr'>concessisset.</span> <span class='ocrx_word' id='word_1_54' title='bbox 1164 1127 1407 1194; x_wconf 86' lang='lat' dir='ltr'>JamHandius</span> 
     </span>
     <span class='ocr_line' id='line_1_9' title="bbox 235 1231 1408 1320; baseline 0.002 -22"><span class='ocrx_word' id='word_1_55' title='bbox 235 1232 298 1314; x_wconf 82' lang='lat' dir='ltr'>(IV</span> <span class='ocrx_word' id='word_1_56' title='bbox 326 1236 381 1316; x_wconf 76' lang='lat'>97)</span> <span class='ocrx_word' id='word_1_57' title='bbox 408 1256 457 1298; x_wconf 90' lang='lat' dir='ltr'>vs.</span> <span class='ocrx_word' id='word_1_58' title='bbox 480 1233 582 1320; x_wconf 87' lang='lat' dir='ltr'>Verg.</span> <span class='ocrx_word' id='word_1_59' title='bbox 609 1231 683 1298; x_wconf 79' lang='lat' dir='ltr'>Ecl.</span> <span class='ocrx_word' id='word_1_60' title='bbox 711 1235 766 1298; x_wconf 88' lang='lat' dir='ltr'>IX</span> <span class='ocrx_word' id='word_1_61' title='bbox 795 1241 813 1299; x_wconf 89' lang='lat'><strong>6</strong></span> <span class='ocrx_word' id='word_1_62' title='bbox 838 1233 943 1319; x_wconf 88' lang='lat' dir='ltr'>‘quod</span> <span class='ocrx_word' id='word_1_63' title='bbox 970 1256 1033 1299; x_wconf 90' lang='lat' dir='ltr'>nec</span> <span class='ocrx_word' id='word_1_64' title='bbox 1055 1241 1170 1300; x_wconf 88' lang='lat' dir='ltr'>vertat</span> <span class='ocrx_word' id='word_1_65' title='bbox 1193 1234 1293 1300; x_wconf 91' lang='lat' dir='ltr'>bene&#39;</span> <span class='ocrx_word' id='word_1_66' title='bbox 1317 1241 1408 1300; x_wconf 89' lang='lat' dir='ltr'>attu-</span> 
     </span>
     <span class='ocr_line' id='line_1_10' title="bbox 235 1339 1405 1429; baseline 0.001 -25"><span class='ocrx_word' id='word_1_67' title='bbox 235 1339 329 1405; x_wconf 90' lang='lat' dir='ltr'>lerat.</span> <span class='ocrx_word' id='word_1_68' title='bbox 362 1341 503 1406; x_wconf 89' lang='lat' dir='ltr'>Praeter</span> <span class='ocrx_word' id='word_1_69' title='bbox 526 1363 603 1406; x_wconf 89' lang='lat' dir='ltr'>eum</span> <span class='ocrx_word' id='word_1_70' title='bbox 626 1340 868 1424; x_wconf 79' lang='lat' dir='ltr'>Ribbeokius1)</span> <span class='ocrx_word' id='word_1_71' title='bbox 891 1341 984 1406; x_wconf 91' lang='lat' dir='ltr'>illam</span> <span class='ocrx_word' id='word_1_72' title='bbox 1006 1341 1250 1429; x_wconf 64' lang='lat' dir='ltr'>proprietatem</span> <span class='ocrx_word' id='word_1_73' title='bbox 1270 1340 1405 1406; x_wconf 85' lang='lat' dir='ltr'>Oatullo</span> 
     </span>
     <span class='ocr_line' id='line_1_11' title="bbox 236 1446 1407 1535; baseline 0 -24"><span class='ocrx_word' id='word_1_74' title='bbox 236 1451 300 1530; x_wconf 88' lang='lat'>(64,</span> <span class='ocrx_word' id='word_1_75' title='bbox 317 1450 372 1530; x_wconf 89' lang='grc'>83)</span> <span class='ocrx_word' id='word_1_76' title='bbox 390 1454 425 1512; x_wconf 90' lang='lat' dir='ltr'>et</span> <span class='ocrx_word' id='word_1_77' title='bbox 440 1446 529 1512; x_wconf 84' lang='lat' dir='ltr'>Ciris</span> <span class='ocrx_word' id='word_1_78' title='bbox 544 1447 703 1535; x_wconf 82' lang='lat' dir='ltr'>scriptori</span> <span class='ocrx_word' id='word_1_79' title='bbox 719 1447 939 1512; x_wconf 86' lang='lat' dir='ltr'>adiudioavit.</span> <span class='ocrx_word' id='word_1_80' title='bbox 970 1446 1121 1514; x_wconf 80' lang='lat' dir='ltr'>Observa</span> <span class='ocrx_word' id='word_1_81' title='bbox 1137 1471 1229 1513; x_wconf 90' lang='lat' dir='ltr'>nuno</span> <span class='ocrx_word' id='word_1_82' title='bbox 1243 1470 1291 1513; x_wconf 89' lang='lat' dir='ltr'>vs.</span> <span class='ocrx_word' id='word_1_83' title='bbox 1307 1448 1407 1534; x_wconf 90' lang='lat' dir='ltr'>Prop.</span> 
     </span>
     <span class='ocr_line' id='line_1_12' title="bbox 234 1553 411 1637; baseline 0.006 -20"><span class='ocrx_word' id='word_1_84' title='bbox 234 1553 271 1617; x_wconf 90' lang='lat' dir='ltr'>H</span> <span class='ocrx_word' id='word_1_85' title='bbox 295 1561 346 1637; x_wconf 87' lang='lat'>24,</span> <span class='ocrx_word' id='word_1_86' title='bbox 372 1560 411 1618; x_wconf 80' lang='grc'>37</span> 
     </span>
    </p>

    <p class='ocr_par' dir='ltr' id='par_1_5' title="bbox 235 1660 1408 2069">
     <span class='ocr_line' id='line_1_13' title="bbox 348 1660 1340 1747; baseline -0.001 -21"><span class='ocrx_word' id='word_1_87' title='bbox 348 1661 483 1726; x_wconf 80' lang='lat' dir='ltr'>‘Certus</span> <span class='ocrx_word' id='word_1_88' title='bbox 506 1682 579 1726; x_wconf 91' lang='lat' dir='ltr'>eras</span> <span class='ocrx_word' id='word_1_89' title='bbox 601 1661 670 1726; x_wconf 91' lang='lat' dir='ltr'>heu</span> <span class='ocrx_word' id='word_1_90' title='bbox 692 1661 768 1744; x_wconf 89' lang='lat' dir='ltr'>heu,</span> <span class='ocrx_word' id='word_1_91' title='bbox 791 1660 947 1745; x_wconf 87' lang='lat' dir='ltr'>quamvis</span> <span class='ocrx_word' id='word_1_92' title='bbox 970 1683 1034 1726; x_wconf 89' lang='lat' dir='ltr'>neo</span> <span class='ocrx_word' id='word_1_93' title='bbox 1057 1660 1224 1747; x_wconf 86' lang='lat' dir='ltr'>sanguine</span> <span class='ocrx_word' id='word_1_94' title='bbox 1248 1660 1340 1727; x_wconf 86' lang='lat' dir='ltr'>avito</span> 
     </span>
     <span class='ocr_line' id='line_1_14' title="bbox 346 1767 1145 1853; baseline 0.001 -21"><span class='ocrx_word' id='word_1_95' title='bbox 346 1767 488 1852; x_wconf 87' lang='lat' dir='ltr'>Nobilis,</span> <span class='ocrx_word' id='word_1_96' title='bbox 512 1775 547 1834; x_wconf 92' lang='lat' dir='ltr'>et</span> <span class='ocrx_word' id='word_1_97' title='bbox 571 1768 726 1853; x_wconf 88' lang='lat' dir='ltr'>quamvis</span> <span class='ocrx_word' id='word_1_98' title='bbox 748 1769 834 1834; x_wconf 90' lang='lat' dir='ltr'>haut</span> <span class='ocrx_word' id='word_1_99' title='bbox 856 1768 906 1834; x_wconf 88' lang='lat' dir='ltr'>ita</span> <span class='ocrx_word' id='word_1_100' title='bbox 929 1768 1025 1834; x_wconf 89' lang='lat' dir='ltr'>dives</span> <span class='ocrx_word' id='word_1_101' title='bbox 1049 1768 1145 1834; x_wconf 89' lang='lat' dir='ltr'>eras&#39;.</span> 
     </span>
     <span class='ocr_line' id='line_1_15' title="bbox 235 1873 1408 1960; baseline 0 -21"><span class='ocrx_word' id='word_1_102' title='bbox 235 1874 304 1939; x_wconf 86' lang='lat' dir='ltr'>iam</span> <span class='ocrx_word' id='word_1_103' title='bbox 325 1896 458 1940; x_wconf 91' lang='lat' dir='ltr'>mecum</span> <span class='ocrx_word' id='word_1_104' title='bbox 482 1875 673 1940; x_wconf 80' lang='lat' dir='ltr'>consenties</span> <span class='ocrx_word' id='word_1_105' title='bbox 696 1876 734 1940; x_wconf 91' lang='lat' dir='ltr'>in</span> <span class='ocrx_word' id='word_1_106' title='bbox 755 1897 802 1960; x_wconf 91' lang='lat' dir='ltr'>eo,</span> <span class='ocrx_word' id='word_1_107' title='bbox 827 1875 918 1960; x_wconf 89' lang='lat' dir='ltr'>quod</span> <span class='ocrx_word' id='word_1_108' title='bbox 942 1875 1029 1941; x_wconf 86' lang='lat' dir='ltr'>‘nec&#39;</span> <span class='ocrx_word' id='word_1_109' title='bbox 1051 1875 1180 1942; x_wconf 88' lang='lat' dir='ltr'>nullam</span> <span class='ocrx_word' id='word_1_110' title='bbox 1194 1873 1299 1940; x_wconf 92' lang='lat' dir='ltr'>habet</span> <span class='ocrx_word' id='word_1_111' title='bbox 1313 1873 1408 1940; x_wconf 86' lang='lat' dir='ltr'>vocis</span> 
     </span>
     <span class='ocr_line' id='line_1_16' title="bbox 237 1981 1142 2069; baseline 0.001 -24"><span class='ocrx_word' id='word_1_112' title='bbox 237 1981 502 2066; x_wconf 87' lang='lat' dir='ltr'>contentionem,</span> <span class='ocrx_word' id='word_1_113' title='bbox 525 1981 585 2047; x_wconf 87' lang='lat' dir='ltr'>sed</span> <span class='ocrx_word' id='word_1_114' title='bbox 607 1981 721 2046; x_wconf 89' lang='lat' dir='ltr'>verbis</span> <span class='ocrx_word' id='word_1_115' title='bbox 746 1981 843 2046; x_wconf 85' lang='lat' dir='ltr'>‘haut</span> <span class='ocrx_word' id='word_1_116' title='bbox 865 1982 927 2047; x_wconf 90' lang='lat' dir='ltr'>ita&#39;</span> <span class='ocrx_word' id='word_1_117' title='bbox 951 1983 1142 2069; x_wconf 90' lang='lat' dir='ltr'>respondet.</span> 
     </span>
    </p>

    <p class='ocr_par' dir='ltr' id='par_1_6' title="bbox 325 2087 1211 2175">
     <span class='ocr_line' id='line_1_17' title="bbox 325 2087 1211 2175; baseline -0.002 -21"><span class='ocrx_word' id='word_1_118' title='bbox 325 2087 457 2154; x_wconf 86' lang='lat' dir='ltr'>Similia</span> <span class='ocrx_word' id='word_1_119' title='bbox 478 2087 620 2175; x_wconf 88' lang='lat' dir='ltr'>praebet</span> <span class='ocrx_word' id='word_1_120' title='bbox 644 2088 787 2154; x_wconf 91' lang='lat' dir='ltr'>Ovidius</span> <span class='ocrx_word' id='word_1_121' title='bbox 810 2088 970 2175; x_wconf 87' lang='lat' dir='ltr'>exempla.</span> <span class='ocrx_word' id='word_1_122' title='bbox 1017 2089 1071 2152; x_wconf 88' lang='grc' dir='ltr'>ΙΠ</span> <span class='ocrx_word' id='word_1_123' title='bbox 1097 2095 1146 2172; x_wconf 89' lang='grc'>10,</span> <span class='ocrx_word' id='word_1_124' title='bbox 1172 2095 1211 2154; x_wconf 95' lang='grc'>13</span> 
     </span>
    </p>

    <p class='ocr_par' dir='ltr' id='par_1_7' title="bbox 241 2194 1406 2598">
     <span class='ocr_line' id='line_1_18' title="bbox 241 2194 1326 2282; baseline -0.002 -22"><span class='ocrx_word' id='word_1_125' title='bbox 241 2273 243 2278; x_wconf 23' lang='grc' dir='ltr'>Ι</span> <span class='ocrx_word' id='word_1_126' title='bbox 348 2195 430 2260; x_wconf 87' lang='lat' dir='ltr'>‘Nix</span> <span class='ocrx_word' id='word_1_127' title='bbox 452 2196 550 2278; x_wconf 90' lang='lat' dir='ltr'>iacet,</span> <span class='ocrx_word' id='word_1_128' title='bbox 574 2201 609 2260; x_wconf 92' lang='lat' dir='ltr'>et</span> <span class='ocrx_word' id='word_1_129' title='bbox 631 2195 756 2260; x_wconf 84' lang='lat' dir='ltr'>iactam</span> <span class='ocrx_word' id='word_1_130' title='bbox 778 2217 842 2259; x_wconf 89' lang='lat' dir='ltr'>nec</span> <span class='ocrx_word' id='word_1_131' title='bbox 865 2195 915 2260; x_wconf 91' lang='lat' dir='ltr'>sol</span> <span class='ocrx_word' id='word_1_132' title='bbox 937 2194 1118 2282; x_wconf 81' lang='lat' dir='ltr'>pluviasve</span> <span class='ocrx_word' id='word_1_133' title='bbox 1140 2194 1326 2277; x_wconf 89' lang='lat' dir='ltr'>resolvunt,</span> 
     </span>
     <span class='ocr_line' id='line_1_19' title="bbox 347 2299 1052 2389; baseline -0.003 -23"><span class='ocrx_word' id='word_1_134' title='bbox 347 2301 492 2367; x_wconf 88' lang='lat' dir='ltr'>Indurat</span> <span class='ocrx_word' id='word_1_135' title='bbox 514 2301 633 2367; x_wconf 85' lang='lat' dir='ltr'>boreas</span> <span class='ocrx_word' id='word_1_136' title='bbox 656 2308 924 2389; x_wconf 83' lang='lat' dir='ltr'>perpetuamque</span> <span class='ocrx_word' id='word_1_137' title='bbox 946 2299 1052 2366; x_wconf 85' lang='lat' dir='ltr'>facit&#39;.</span> 
     </span>
     <span class='ocr_line' id='line_1_20' title="bbox 350 2406 1406 2496; baseline 0 -23"><span class='ocrx_word' id='word_1_138' title='bbox 350 2414 399 2492; x_wconf 91' lang='lat'>10,</span> <span class='ocrx_word' id='word_1_139' title='bbox 425 2415 466 2474; x_wconf 87' lang='grc'>43</span> <span class='ocrx_word' id='word_1_140' title='bbox 492 2409 591 2474; x_wconf 75' lang='grc' dir='ltr'>ι111111</span> <span class='ocrx_word' id='word_1_141' title='bbox 607 2431 718 2494; x_wconf 89' lang='lat' dir='ltr'>neque</span> <span class='ocrx_word' id='word_1_142' title='bbox 733 2432 769 2474; x_wconf 87' lang='lat' dir='ltr'>se</span> <span class='ocrx_word' id='word_1_143' title='bbox 783 2408 890 2496; x_wconf 86' lang='lat' dir='ltr'>pandi</span> <span class='ocrx_word' id='word_1_144' title='bbox 908 2414 1051 2495; x_wconf 85' lang='lat' dir='ltr'>possunt</span> <span class='ocrx_word' id='word_1_145' title='bbox 1067 2406 1242 2495; x_wconf 89' lang='lat' dir='ltr'>delphines</span> <span class='ocrx_word' id='word_1_146' title='bbox 1258 2409 1406 2473; x_wconf 91' lang='lat' dir='ltr'>inauras</span> 
     </span>
     <span class='ocr_line' id='line_1_21' title="bbox 348 2513 1092 2598; baseline 0.001 -20"><span class='ocrx_word' id='word_1_147' title='bbox 348 2513 492 2598; x_wconf 78' lang='lat' dir='ltr'>Tollere3</span> <span class='ocrx_word' id='word_1_148' title='bbox 516 2522 676 2581; x_wconf 90' lang='lat' dir='ltr'>conantes</span> <span class='ocrx_word' id='word_1_149' title='bbox 701 2515 785 2580; x_wconf 92' lang='lat' dir='ltr'>dura</span> <span class='ocrx_word' id='word_1_150' title='bbox 809 2521 940 2580; x_wconf 90' lang='lat' dir='ltr'>coercet</span> <span class='ocrx_word' id='word_1_151' title='bbox 963 2514 1092 2580; x_wconf 89' lang='lat' dir='ltr'>hiems&#39;.</span> 
     </span>
    </p>

    <p class='ocr_par' dir='ltr' id='par_1_8' title="bbox 237 2621 1410 3030">
     <span class='ocr_line' id='line_1_22' title="bbox 325 2621 1410 2688; baseline 0 -2"><span class='ocrx_word' id='word_1_152' title='bbox 325 2621 404 2686; x_wconf 88' lang='lat' dir='ltr'>Jam</span> <span class='ocrx_word' id='word_1_153' title='bbox 431 2623 468 2687; x_wconf 91' lang='lat' dir='ltr'>in</span> <span class='ocrx_word' id='word_1_154' title='bbox 494 2623 630 2688; x_wconf 90' lang='lat' dir='ltr'>Metam.</span> <span class='ocrx_word' id='word_1_155' title='bbox 662 2622 758 2687; x_wconf 88' lang='lat' dir='ltr'>libris</span> <span class='ocrx_word' id='word_1_156' title='bbox 785 2629 902 2687; x_wconf 90' lang='lat' dir='ltr'>utrum</span> <span class='ocrx_word' id='word_1_157' title='bbox 928 2621 1017 2687; x_wconf 89' lang='lat' dir='ltr'>hano</span> <span class='ocrx_word' id='word_1_158' title='bbox 1043 2621 1214 2687; x_wconf 87' lang='lat' dir='ltr'>scribendi</span> <span class='ocrx_word' id='word_1_159' title='bbox 1235 2621 1410 2686; x_wconf 86' lang='lat' dir='ltr'>licentiam</span> 
     </span>
     <span class='ocr_line' id='line_1_23' title="bbox 237 2727 1406 2816; baseline 0 -24"><span class='ocrx_word' id='word_1_160' title='bbox 237 2727 302 2792; x_wconf 90' lang='lat' dir='ltr'>sibi</span> <span class='ocrx_word' id='word_1_161' title='bbox 334 2728 516 2816; x_wconf 86' lang='lat' dir='ltr'>sumpserit</span> <span class='ocrx_word' id='word_1_162' title='bbox 546 2737 660 2816; x_wconf 89' lang='lat' dir='ltr'>pocta,</span> <span class='ocrx_word' id='word_1_163' title='bbox 692 2752 811 2814; x_wconf 91' lang='lat' dir='ltr'>necne,</span> <span class='ocrx_word' id='word_1_164' title='bbox 844 2734 936 2794; x_wconf 89' lang='lat' dir='ltr'>certe</span> <span class='ocrx_word' id='word_1_165' title='bbox 968 2728 1154 2793; x_wconf 87' lang='lat' dir='ltr'>existimari</span> <span class='ocrx_word' id='word_1_166' title='bbox 1185 2750 1254 2793; x_wconf 91' lang='lat' dir='ltr'>non</span> <span class='ocrx_word' id='word_1_167' title='bbox 1284 2734 1406 2814; x_wconf 86' lang='lat' dir='ltr'>potest.</span> 
     </span>
     <span class='ocr_line' id='line_1_24' title="bbox 237 2835 1408 2924; baseline 0 -25"><span class='ocrx_word' id='word_1_168' title='bbox 237 2835 325 2900; x_wconf 90' lang='lat' dir='ltr'>Nam</span> <span class='ocrx_word' id='word_1_169' title='bbox 348 2843 508 2924; x_wconf 88' lang='lat' dir='ltr'>corrupto</span> <span class='ocrx_word' id='word_1_170' title='bbox 532 2835 658 2901; x_wconf 86' lang='lat' dir='ltr'>codicis</span> <span class='ocrx_word' id='word_1_171' title='bbox 673 2835 776 2900; x_wconf 87' lang='lat' dir='ltr'>Marc.</span> <span class='ocrx_word' id='word_1_172' title='bbox 799 2836 874 2900; x_wconf 89' lang='lat' dir='ltr'>loco</span> <span class='ocrx_word' id='word_1_173' title='bbox 897 2836 952 2899; x_wconf 92' lang='lat' dir='ltr'>IX</span> <span class='ocrx_word' id='word_1_174' title='bbox 976 2841 1039 2900; x_wconf 83' lang='lat'>248</span> <span class='ocrx_word' id='word_1_175' title='bbox 1060 2835 1173 2900; x_wconf 90' lang='lat' dir='ltr'>nescio</span> <span class='ocrx_word' id='word_1_176' title='bbox 1197 2858 1241 2900; x_wconf 92' lang='lat' dir='ltr'>an</span> <span class='ocrx_word' id='word_1_177' title='bbox 1256 2835 1408 2899; x_wconf 88' lang='lat' dir='ltr'>Kornius</span> 
     </span>
     <span class='ocr_line' id='line_1_25' title="bbox 238 2941 1409 3030; baseline -0.001 -24"><span class='ocrx_word' id='word_1_178' title='bbox 238 2945 293 3006; x_wconf 83' lang='lat' dir='ltr'>‘ne</span> <span class='ocrx_word' id='word_1_179' title='bbox 313 2950 534 3029; x_wconf 89' lang='lat' dir='ltr'>-paveant,</span> <span class='ocrx_word' id='word_1_180' title='bbox 556 2943 639 3007; x_wconf 89' lang='lat' dir='ltr'>istas</span> <span class='ocrx_word' id='word_1_181' title='bbox 663 2942 855 3030; x_wconf 87' lang='lat' dir='ltr'>despernite</span> <span class='ocrx_word' id='word_1_182' title='bbox 877 2941 1041 3006; x_wconf 87' lang='lat' dir='ltr'>flammas&#39;</span> <span class='ocrx_word' id='word_1_183' title='bbox 1064 2941 1190 3007; x_wconf 88' lang='lat' dir='ltr'>rectius</span> <span class='ocrx_word' id='word_1_184' title='bbox 1216 2943 1409 3006; x_wconf 83' lang='lat' dir='ltr'>correxerit.</span> 
     </span>
    </p>

    <p class='ocr_par' dir='ltr' id='par_1_9' title="bbox 238 3047 1411 3346">
     <span class='ocr_line' id='line_1_26' title="bbox 327 3047 1411 3136; baseline -0.002 -22"><span class='ocrx_word' id='word_1_185' title='bbox 327 3049 498 3114; x_wconf 80' lang='lat' dir='ltr'>Catullum</span> <span class='ocrx_word' id='word_1_186' title='bbox 513 3056 627 3114; x_wconf 89' lang='lat' dir='ltr'>autem</span> <span class='ocrx_word' id='word_1_187' title='bbox 642 3050 789 3136; x_wconf 90' lang='lat' dir='ltr'>primum</span> <span class='ocrx_word' id='word_1_188' title='bbox 809 3047 897 3113; x_wconf 89' lang='lat' dir='ltr'>hano</span> <span class='ocrx_word' id='word_1_189' title='bbox 913 3048 1118 3130; x_wconf 87' lang='lat' dir='ltr'>comicorum</span> <span class='ocrx_word' id='word_1_190' title='bbox 1133 3047 1411 3114; x_wconf 88' lang='lat' dir='ltr'>consuetudinem</span> 
     </span>
     <span class='ocr_line' id='line_1_27' title="bbox 238 3153 1407 3238; baseline 0.001 -19"><span class='ocrx_word' id='word_1_191' title='bbox 238 3162 391 3220; x_wconf 89' lang='lat' dir='ltr'>secutum</span> <span class='ocrx_word' id='word_1_192' title='bbox 423 3178 494 3221; x_wconf 90' lang='lat' dir='ltr'>esse</span> <span class='ocrx_word' id='word_1_193' title='bbox 526 3153 673 3238; x_wconf 85' lang='lat' dir='ltr'>affirm0,</span> <span class='ocrx_word' id='word_1_194' title='bbox 701 3177 771 3220; x_wconf 90' lang='lat' dir='ltr'>non</span> <span class='ocrx_word' id='word_1_195' title='bbox 796 3161 983 3220; x_wconf 86' lang='lat' dir='ltr'>commotus</span> <span class='ocrx_word' id='word_1_196' title='bbox 1010 3154 1070 3219; x_wconf 93' lang='lat' dir='ltr'>illo</span> <span class='ocrx_word' id='word_1_197' title='bbox 1098 3177 1200 3220; x_wconf 89' lang='lat' dir='ltr'>versu</span> <span class='ocrx_word' id='word_1_198' title='bbox 1222 3161 1274 3238; x_wconf 85' lang='lat'>64,</span> <span class='ocrx_word' id='word_1_199' title='bbox 1299 3160 1339 3220; x_wconf 92' lang='grc'>83</span> <span class='ocrx_word' id='word_1_200' title='bbox 1364 3153 1407 3220; x_wconf 91' lang='lat' dir='ltr'>ab</span> 
     </span>
     <span class='ocr_line' id='line_1_28' title="bbox 238 3261 938 3346; baseline -0.001 -20"><span class='ocrx_word' id='word_1_201' title='bbox 238 3261 311 3326; x_wconf 83' lang='lat' dir='ltr'>aliis</span> <span class='ocrx_word' id='word_1_202' title='bbox 334 3262 433 3327; x_wconf 86' lang='lat' dir='ltr'>aliter</span> <span class='ocrx_word' id='word_1_203' title='bbox 455 3262 640 3346; x_wconf 90' lang='lat' dir='ltr'>intellecto,</span> <span class='ocrx_word' id='word_1_204' title='bbox 663 3261 723 3326; x_wconf 90' lang='lat' dir='ltr'>sed</span> <span class='ocrx_word' id='word_1_205' title='bbox 745 3261 820 3326; x_wconf 92' lang='lat' dir='ltr'>loco</span> <span class='ocrx_word' id='word_1_206' title='bbox 845 3268 895 3344; x_wconf 89' lang='grc'>30,</span> <span class='ocrx_word' id='word_1_207' title='bbox 920 3270 938 3325; x_wconf 91' lang='grc'><strong>4</strong></span> 
     </span>
    </p>

    <p class='ocr_par' dir='ltr' id='par_1_10' title="bbox 349 3366 1410 3456">
     <span class='ocr_line' id='line_1_29' title="bbox 349 3366 1410 3456; baseline -0.003 -21"><span class='ocrx_word' id='word_1_208' title='bbox 349 3369 434 3435; x_wconf 86' lang='lat' dir='ltr'>‘Nec</span> <span class='ocrx_word' id='word_1_209' title='bbox 456 3367 549 3434; x_wconf 85' lang='lat' dir='ltr'>facta</span> <span class='ocrx_word' id='word_1_210' title='bbox 570 3369 675 3456; x_wconf 90' lang='lat' dir='ltr'>impia</span> <span class='ocrx_word' id='word_1_211' title='bbox 697 3366 857 3433; x_wconf 84' lang='lat' dir='ltr'>fallacum</span> <span class='ocrx_word' id='word_1_212' title='bbox 877 3367 1052 3433; x_wconf 88' lang='lat' dir='ltr'>hominum</span> <span class='ocrx_word' id='word_1_213' title='bbox 1068 3368 1236 3433; x_wconf 89' lang='lat' dir='ltr'>caelicolis</span> <span class='ocrx_word' id='word_1_214' title='bbox 1251 3368 1410 3455; x_wconf 88' lang='lat' dir='ltr'>placent&#39;.</span> 
     </span>
    </p>

    <p class='ocr_par' dir='ltr' id='par_1_11' title="bbox 238 3473 1410 3755">
     <span class='ocr_line' id='line_1_30' title="bbox 325 3473 1410 3561; baseline -0.004 -19"><span class='ocrx_word' id='word_1_215' title='bbox 325 3476 548 3561; x_wconf 89' lang='lat' dir='ltr'>Nequaquam</span> <span class='ocrx_word' id='word_1_216' title='bbox 570 3476 660 3541; x_wconf 88' lang='lat' dir='ltr'>hanc</span> <span class='ocrx_word' id='word_1_217' title='bbox 682 3473 837 3540; x_wconf 86' lang='lat' dir='ltr'>codicum</span> <span class='ocrx_word' id='word_1_218' title='bbox 860 3474 1040 3540; x_wconf 87' lang='lat' dir='ltr'>lectionem</span> <span class='ocrx_word' id='word_1_219' title='bbox 1063 3473 1235 3540; x_wconf 91' lang='lat' dir='ltr'>Baehrens</span> <span class='ocrx_word' id='word_1_220' title='bbox 1259 3474 1410 3558; x_wconf 81' lang='lat' dir='ltr'>(‘Nunc&#39;)</span> 
     </span>
     <span class='ocr_line' id='line_1_31' title="bbox 239 3579 1410 3666; baseline 0 -20"><span class='ocrx_word' id='word_1_221' title='bbox 239 3588 274 3647; x_wconf 89' lang='lat' dir='ltr'>et</span> <span class='ocrx_word' id='word_1_222' title='bbox 288 3582 390 3648; x_wconf 87' lang='lat' dir='ltr'>Riese</span> <span class='ocrx_word' id='word_1_223' title='bbox 410 3583 539 3666; x_wconf 84' lang='lat' dir='ltr'>(‘Non’)</span> <span class='ocrx_word' id='word_1_224' title='bbox 554 3588 754 3664; x_wconf 89' lang='lat' dir='ltr'>mutassent,</span> <span class='ocrx_word' id='word_1_225' title='bbox 770 3580 838 3644; x_wconf 91' lang='lat' dir='ltr'>nisi</span> <span class='ocrx_word' id='word_1_226' title='bbox 852 3579 1042 3666; x_wconf 86' lang='lat' dir='ltr'>aDragero,</span> <span class='ocrx_word' id='word_1_227' title='bbox 1059 3602 1160 3666; x_wconf 90' lang='lat' dir='ltr'>quem</span> <span class='ocrx_word' id='word_1_228' title='bbox 1175 3582 1410 3666; x_wconf 89' lang='lat' dir='ltr'>laudaverunt,</span> 
     </span>
     <span class='ocr_line' id='line_1_32' title="bbox 238 3687 757 3755; baseline -0.008 -1"><span class='ocrx_word' id='word_1_229' title='bbox 238 3711 258 3754; x_wconf 90' lang='grc'>1</span> <span class='ocrx_word' id='word_1_230' title='bbox 279 3696 373 3755; x_wconf 89' lang='lat' dir='ltr'>recta</span> <span class='ocrx_word' id='word_1_231' title='bbox 395 3688 453 3755; x_wconf 91' lang='lat' dir='ltr'>via</span> <span class='ocrx_word' id='word_1_232' title='bbox 475 3687 616 3753; x_wconf 87' lang='lat' dir='ltr'>abducti</span> <span class='ocrx_word' id='word_1_233' title='bbox 639 3693 757 3753; x_wconf 90' lang='lat' dir='ltr'>essent.</span> 
     </span>
    </p>

    <p class='ocr_par' dir='ltr' id='par_1_12' title="bbox 237 3792 1410 3988">
     <span class='ocr_line' id='line_1_33' title="bbox 328 3792 1410 3882; baseline -0.002 -22"><span class='ocrx_word' id='word_1_234' title='bbox 328 3795 459 3874; x_wconf 79' lang='lat' dir='ltr'>Quibus</span> <span class='ocrx_word' id='word_1_235' title='bbox 491 3794 657 3882; x_wconf 89' lang='lat' dir='ltr'>reputatis</span> <span class='ocrx_word' id='word_1_236' title='bbox 690 3793 766 3879; x_wconf 86' lang='lat' dir='ltr'>quis</span> <span class='ocrx_word' id='word_1_237' title='bbox 794 3792 938 3877; x_wconf 89' lang='lat' dir='ltr'>dubitet,</span> <span class='ocrx_word' id='word_1_238' title='bbox 967 3793 1053 3878; x_wconf 90' lang='lat' dir='ltr'>quin</span> <span class='ocrx_word' id='word_1_239' title='bbox 1079 3793 1139 3858; x_wconf 89' lang='lat' dir='ltr'>illa</span> <span class='ocrx_word' id='word_1_240' title='bbox 1162 3793 1410 3859; x_wconf 89' lang='lat' dir='ltr'>coniunctionis</span> 
     </span>
     <span class='ocr_line' id='line_1_34' title="bbox 237 3898 947 3988; baseline -0.006 -22"><span class='ocrx_word' id='word_1_241' title='bbox 237 3902 290 3966; x_wconf 90' lang='lat' dir='ltr'>vis</span> <span class='ocrx_word' id='word_1_242' title='bbox 314 3901 528 3988; x_wconf 85' lang='lat' dir='ltr'>agnoscenda</span> <span class='ocrx_word' id='word_1_243' title='bbox 550 3901 596 3966; x_wconf 91' lang='lat' dir='ltr'>sit</span> <span class='ocrx_word' id='word_1_244' title='bbox 619 3923 669 3987; x_wconf 90' lang='lat' dir='ltr'>ap.</span> <span class='ocrx_word' id='word_1_245' title='bbox 694 3899 766 3964; x_wconf 84' lang='lat' dir='ltr'>Tib.</span> <span class='ocrx_word' id='word_1_246' title='bbox 790 3899 807 3963; x_wconf 94' lang='lat' dir='ltr'>I</span> <span class='ocrx_word' id='word_1_247' title='bbox 832 3906 860 3982; x_wconf 89' lang='lat'>6,</span> <span class='ocrx_word' id='word_1_248' title='bbox 885 3898 947 3963; x_wconf 87' lang='lat'>45?</span> 
     </span>
    </p>

    <p class='ocr_par' dir='ltr' id='par_1_13' title="bbox 349 4004 1296 4199">
     <span class='ocr_line' id='line_1_35' title="bbox 351 4004 1296 4091; baseline -0.003 -18"><span class='ocrx_word' id='word_1_249' title='bbox 351 4008 458 4075; x_wconf 86' lang='lat' dir='ltr'>‘Haec</span> <span class='ocrx_word' id='word_1_250' title='bbox 480 4008 542 4073; x_wconf 90' lang='lat' dir='ltr'>ubi</span> <span class='ocrx_word' id='word_1_251' title='bbox 564 4007 728 4072; x_wconf 88' lang='lat' dir='ltr'>Bellonae</span> <span class='ocrx_word' id='word_1_252' title='bbox 752 4013 848 4072; x_wconf 90' lang='lat' dir='ltr'>motu</span> <span class='ocrx_word' id='word_1_253' title='bbox 870 4012 922 4070; x_wconf 90' lang='lat' dir='ltr'>est</span> <span class='ocrx_word' id='word_1_254' title='bbox 945 4004 1077 4091; x_wconf 87' lang='lat' dir='ltr'>agitata</span> <span class='ocrx_word' id='word_1_255' title='bbox 1099 4027 1162 4070; x_wconf 87' lang='lat' dir='ltr'>nec</span> <span class='ocrx_word' id='word_1_256' title='bbox 1185 4027 1296 4070; x_wconf 90' lang='lat' dir='ltr'>acrem</span> 
     </span>
     <span class='ocr_line' id='line_1_36' title="bbox 349 4111 1201 4199; baseline -0.008 -17"><span class='ocrx_word' id='word_1_257' title='bbox 349 4117 548 4199; x_wconf 83' lang='lat' dir='ltr'>Flammam,</span> <span class='ocrx_word' id='word_1_258' title='bbox 571 4136 640 4180; x_wconf 91' lang='lat' dir='ltr'>non</span> <span class='ocrx_word' id='word_1_259' title='bbox 663 4135 777 4178; x_wconf 89' lang='lat' dir='ltr'>amens</span> <span class='ocrx_word' id='word_1_260' title='bbox 800 4111 944 4178; x_wconf 91' lang='lat' dir='ltr'>verbera</span> <span class='ocrx_word' id='word_1_261' title='bbox 966 4118 1058 4176; x_wconf 84' lang='lat' dir='ltr'>torta</span> <span class='ocrx_word' id='word_1_262' title='bbox 1080 4112 1201 4177; x_wconf 89' lang='lat' dir='ltr'>timet&#39;.</span> 
     </span>
    </p>
   </div>
   <div class='ocr_carea' id='block_1_3' title="bbox 329 4345 737 4418">
    <p class='ocr_par' dir='ltr' id='par_1_14' title="bbox 329 4345 737 4418">
     <span class='ocr_line' id='line_1_37' title="bbox 329 4345 737 4418; baseline 0 -18"><span class='ocrx_word' id='word_1_263' title='bbox 329 4348 349 4418; x_wconf 87' lang='lat'>¹)</span> <span class='ocrx_word' id='word_1_264' title='bbox 367 4345 501 4414; x_wconf 81' lang='lat' dir='ltr'>Ribbeck,</span> <span class='ocrx_word' id='word_1_265' title='bbox 520 4345 627 4402; x_wconf 84' lang='lat' dir='ltr'>Partik.</span> <span class='ocrx_word' id='word_1_266' title='bbox 646 4363 673 4415; x_wconf 92' lang='lat' dir='ltr'>p.</span> <span class='ocrx_word' id='word_1_267' title='bbox 694 4345 737 4400; x_wconf 81' lang='lat'>24.</span> 
     </span>
    </p>
   </div>
   <div class='ocr_carea' id='block_1_4' title="bbox 0 0 1588 5132">
    <p class='ocr_par' dir='ltr' id='par_1_15' title="bbox 0 0 1588 5132">
     <span class='ocr_line' id='line_1_38' title="bbox 0 0 1588 5132; baseline 0 0"><span class='ocrx_word' id='word_1_268' title='bbox 0 0 1588 5132; x_wconf 95' lang='lat' dir='ltr'> </span> 
     </span>
    </p>
   </div>
  </div>
 </body>
</html>
