3164 5132
726 309 926 366 -2-5-

152 557 153 564 ,
243 475 326 542 saioi
357 441 578 564 scriptoribus
609 477 799 566 particulae
831 481 1045 567 copulativae
1077 482 1204 548 auxilio
1236 483 1412 548 adiunctas

244 605 314 648 esse
346 583 438 648 inter
465 605 579 648 omnes
608 591 750 650 constat.
796 586 862 651 Oui
888 587 1051 673 loquendi
1077 589 1267 655 moricum
1293 597 1413 678 poetae

242 688 393 766 faverint
412 697 515 775 atque
532 690 596 755 hac
610 691 744 757 ratione
761 693 883 758 vocula
897 694 958 759 ‘at'
981 717 1118 782 perraro
1132 703 1296 784 usurpata
1310 719 1413 784 appa-

183 785 186 790 ’
242 803 328 875 1011,
360 797 600 863 Lachmannus
629 821 671 863 ex
694 798 809 864 codice
838 799 942 865 Gron.
965 823 1027 889 pro
1053 802 1113 867 ‘at'
1138 803 1413 869 coniunctionem

243 903 303 968 ‘et'
328 925 457 969 summo
480 904 554 969 iure
576 905 706 993 recepit
727 905 765 970 in
787 929 836 972 vs.
859 907 877 970 1
901 915 929 991 6,
954 916 994 972 22

333 1011 433 1075 ‘Nam
455 1018 607 1076 tuanen
630 1018 723 1077 aetas
746 1035 897 1099 unquam
910 1015 1055 1080 cessavit
1077 1016 1192 1101 amori,
1216 1015 1355 1105 Semper
1378 1023 1413 1082 et

244 1123 391 1182 armatae
432 1131 513 1182 cura
548 1115 617 1182 fuit
653 1118 807 1205 patriae'.
863 1119 991 1185 Contra
1025 1121 1272 1209 Hertzbergius
1310 1129 1413 1208 atque

243 1222 416 1288 Baehrens
439 1223 621 1288 lectionem
645 1225 705 1289 ‘at'
729 1234 962 1292 servavemnt.
1009 1227 1138 1305 Quodsi
1160 1229 1219 1294 ille
1241 1251 1309 1294 uno
1328 1230 1412 1295 Ver-

243 1330 321 1416 gilii
342 1331 416 1395 1000
440 1330 573 1414 nititur,
596 1330 657 1396 ubi
672 1338 774 1418 poeta
795 1339 935 1420 propter
957 1341 1136 1419 sequentes
1159 1335 1342 1423 particulas
1358 1359 1413 1402 co·

242 1436 412 1525 pulativas
440 1444 543 1523 atque
570 1437 609 1501 in
635 1439 807 1504 sententia
838 1440 1045 1527 amplificata
1075 1442 1232 1508 voculam
1265 1444 1324 1507 ‘et’
1350 1466 1412 1532 pro

244 1544 304 1608 ‘at’
329 1543 476 1609 seribere
498 1544 559 1609 vix
581 1544 695 1632 potuit
717 1584 762 1594 —
784 1547 856 1633 ipse
870 1546 996 1640 ,videas
1020 1547 1157 1635 (Georg.
1180 1550 1235 1613 [Π
1259 1553 1336 1633 522)

355 1651 445 1716 ‘Non
468 1649 607 1716 umbrae
631 1702 663 1715 ..
687 1674 757 1717 non
779 1653 894 1718 mollia
916 1661 1058 1740 possunt
1307 1742 1308 1745 Ἴ

354 1759 458 1823 Prata
479 1780 616 1823 movere
639 1759 796 1844 animum,
820 1782 889 1825 non
913 1811 919 1824 .
939 1812 946 1826 .
970 1761 1090 1844 emnis;
1114 1769 1150 1827 at
1172 1763 1240 1828 ima

357 1863 546 1930 Solvuntur
567 1865 675 1930 latera
698 1872 801 1950 atque
825 1866 938 1932 oculos
961 1874 1079 1956 stupor
1101 1876 1204 1955 urget
1225 1869 1346 1936 inertis

354 1970 412 2034 Ad
434 1977 630 2055 terramque
651 1971 729 2037 fluit
753 1953 883 2039 devexo
906 1973 1056 2061 pondere
1080 1975 1216 2040 cervix’.

242 2117 287 2125 —
310 2099 373 2163 ego
387 2100 533 2165 ,appono
561 2078 644 2143 haee
670 2079 842 2166 Propertii
873 2079 979 2167 ipsius
1010 2081 1170 2169 exempla.
1216 2082 1345 2166 11124,
1372 2088 1409 2148 11

355 2184 461 2249 ‘Haeo
485 2207 557 2271 ego,
581 2207 650 2250 non
672 2183 773 2270 ferre,
796 2208 866 2251 non
888 2186 969 2272 igne
993 2194 1136 2271 coactus,
1162 2196 1197 2253 et
1219 2188 1293 2275 ipsa

354 2289 548 2378 Naufragus
571 2291 709 2378 Aegaea
732 2315 813 2358 vera
835 2290 969 2359 fatebor
992 2294 1100 2378 aqua’.

311 2459 315 2467 .
331 2399 398 2464 Pro
421 2398 543 2464 vocula
563 2399 624 2463 ‘et’
644 2405 759 2464 noster
779 2399 863 2464 ‘sed’
883 2401 998 2488 posuit
1010 2400 1048 2465 in
1063 2400 1241 2467 enuntiato
1257 2401 1414 2466 similiter

242 2503 388 2570 formato
411 2505 437 2589 1,
462 2511 490 2589 8,
516 2512 555 2570 39

355 2612 467 2676 ‘Hanc
491 2634 554 2698 ego
577 2634 648 2677 nou
671 2634 762 2697 auro,
786 2635 856 2678 non
878 2613 973 2678 Indis
996 2613 1133 2680 flectere
1157 2615 1302 2699 conchis,

355 2717 423 2783 Sed
445 2718 544 2806 potui
567 2718 686 2784 blandi
709 2719 867 2784 carminis
891 2719 1075 2806 obsequio’.

330 2826 451 2911 Neque
464 2833 580 2891 tamen
594 2827 837 2912 contenderim,
860 2834 995 2916 poetam
1012 2835 1121 2893 metro
1140 2835 1283 2914 cogente
1306 2829 1412 2894 altero

242 2932 316 2997 loeo
339 2932 542 3019 particulam
573 2934 634 2998 ‘et’
657 2955 846 3022 usurpasse.
891 2935 944 2999 De
972 2933 1077 3000 verbo
1101 2933 1259 3000 ‘fatebor’
1283 2957 1412 3021 mone0,

243 3039 272 3103 si
294 3062 354 3127 per
377 3046 531 3104 nostrum
555 3039 624 3104 ‘ioh
650 3040 722 3106 will
749 3041 925 3127 gcstehen’
953 3047 1122 3125 vertatur,
1151 3040 1222 3106 eius
1250 3041 1412 3108 traditam

145 3186 150 3192 ·
242 3144 386 3211 formam
409 3145 446 3209 in
465 3133 623 3212 ‘fatebar'
638 3170 659 3212 a
673 3148 800 3213 criticis
814 3148 942 3213 iniuria
954 3154 1121 3213 mutatam
1145 3170 1223 3213 esse.
1255 3148 1412 3235 Denique

243 3252 327 3337 quid
350 3251 416 3317 sibi
438 3253 524 3319 velit
537 3253 742 3320 Baehrentis
756 3255 900 3320 mutatio
919 3256 1012 3321 vocis
1036 3254 1134 3342 ‘ipsa'
1153 3256 1191 3319 in
1213 3256 1320 3344 ‘ipse',
1343 3280 1413 3323 non

243 3359 459 3446 intelligitur.
475 3397 520 3408 -
533 3359 586 3425 De
609 3361 757 3427 secundo
772 3361 855 3445 1000,
871 3361 931 3427 ubi
946 3361 1149 3448 particulam
1164 3363 1224 3427 ‘et'
1244 3363 1287 3428 ad
1302 3364 1414 3430 notio-

242 3488 320 3531 nem
343 3466 594 3533 adversativam
617 3468 776 3534 accedere
799 3467 1092 3552 animadvertitur‚
1116 3469 1134 3532 I
1159 3476 1208 3554 16,
1235 3476 1272 3534 11

355 3573 439 3638 ‘Nec
461 3581 577 3639 tamen
599 3575 658 3639 illa
680 3597 760 3640 suae
783 3583 964 3641 revocatur
985 3596 1124 3663 parcere
1146 3573 1265 3655 famae,

353 3680 499 3768 Turpior
522 3687 557 3745 01
580 3681 682 3746 saecli
704 3681 822 3747 vivere
844 3680 1000 3747 luxuria’.

329 3787 578 3871 Lachmannus,
601 3794 782 3874 postquam
804 3789 901 3854 velut
922 3810 1075 3876 pannum
1089 3788 1260 3873 reiecerat,
1283 3788 1412 3854 Jacobo

242 3915 395 3958 assensus
432 3900 496 3977 est,
534 3893 594 3979 qui
628 3893 715 3958 illud
747 3894 963 3959 enuntiatum
994 3894 1189 3981 parenthesi
1220 3894 1411 3962 incluserat.

242 3999 370 4064 Tamen
396 3999 602 4087 Haupuus1)
631 4000 679 4064 eis
707 3998 845 4084 obiecit,
874 4000 957 4066 duos
984 4000 1173 4067 infinitivos
1202 4001 1323 4066 vocula
1351 4001 1411 4066 ‘et'

241 4113 381 4194 propter
408 4104 551 4171 verbum
575 4106 779 4172 ‘revocatur’
803 4129 872 4172 non
899 4129 996 4195 posse
1025 4107 1188 4195 copulari,
1216 4107 1276 4172 sed
1298 4108 1412 4196 potius

333 4339 352 4407 ¹)
372 4335 425 4389 ou.
445 4335 549 4406 Haupt,
568 4353 661 4406 opusc.
680 4336 812 4406 111123.
