3164 5132
700 281 918 340 ..44-

309 452 364 516 Ex
386 453 422 517 P.
446 451 496 518 IV
522 460 576 537 10,
602 461 640 519 77
681 453 758 518 ‘Est
785 460 901 518 tamen
934 473 976 516 ex
1007 451 1066 516 illo
1096 450 1194 518 nobis
1226 451 1398 517 imitabile

222 557 406 642 quiddam'.

308 663 345 749 b)
381 665 537 753 Excepto
568 666 707 732 dolendi
738 664 843 732 verbo
878 665 1059 754 scriptores
1090 665 1158 729 ‘ex'
1188 664 1398 752 particulam

220 791 298 835 cum
320 771 460 836 nomine
482 773 651 859 personali
666 793 804 860 perraro
821 772 1072 838 coniunxerunt
1087 792 1199 856 neque
1215 770 1281 837 aiio
1296 771 1397 837 testi-

219 877 334 944 monio
358 877 558 943 confirmare
579 878 665 943 mihi
686 880 782 963 licet,
811 878 902 964 quod
926 878 1055 965 legitur
1082 900 1133 965 ap.
1157 879 1211 942 Pr.
1234 877 1271 942 II
1296 885 1324 963 1,
1350 885 1395 944 50

508 985 607 1051 ‘solet
628 985 688 1050 illa
710 986 802 1052 leves
826 986 963 1073 culpare
985 985 1123 1072 puellas,

330 1090 378 1156 Et
401 1098 510 1156 totam
534 1113 575 1156 ex
597 1092 730 1158 Helena
752 1113 821 1157 non
844 1092 967 1179 probat
990 1092 1119 1157 Iliada’.

264 1211 266 1218 '
310 1200 340 1280 c)
372 1197 535 1263 Formula
558 1204 613 1264 ‘ex
636 1199 739 1264 omni’
765 1203 831 1283 (me
853 1199 980 1286 premit
1006 1198 1071 1264 iste
1095 1197 1177 1264 deus
1200 1198 1254 1262 HI
1279 1205 1333 1283 21,
1358 1203 1395 1282 6)

220 1326 289 1370 non
320 1304 429 1391 magis
461 1305 600 1371 alterius
631 1313 751 1393 poetae
786 1306 859 1372 loco
889 1305 1139 1392 comprobatur,
1172 1327 1274 1390 quam
1306 1303 1394 1370 illud

221 1410 338 1476 Ovidii
361 1413 412 1476 ‘ex
434 1412 518 1477 toto'
541 1413 580 1476 in
602 1413 682 1477 Her.
706 1412 776 1478 XV
801 1419 872 1478 158.

308 1517 467 1583 Elocutio
484 1522 535 1584 ‘ex
549 1519 616 1584 illo'
632 1527 766 1608 tempus
781 1519 936 1584 indicans
952 1525 1093 1606 apparet
1109 1542 1160 1607 ap.
1176 1521 1231 1584 Pr.
1241 1520 1277 1584 H
1288 1528 1338 1604 29,
1349 1527 1390 1584 42

221 1631 256 1688 et
278 1646 330 1710 ap.
354 1625 414 1690 Ov.
438 1625 518 1690 Met
542 1625 594 1691 111
619 1633 691 1691 394.
730 1626 811 1690 Her.
834 1625 922 1692 XIV
939 1632 979 1690 85
1005 1631 1040 1690 et
1063 1648 1114 1712 ap.
1131 1625 1233 1712 Verg.
1249 1626 1322 1690 XII
1341 1633 1391 1691 32.

220 1730 316 1796 Alios
339 1731 431 1797 locos
455 1732 594 1819 collegit
616 1733 728 1798 Hand.
752 1733 788 1798 H
813 1740 885 1798 649.
976 1791 978 1796 .

312 1845 340 1902 4.
374 1839 546 1905 Particula
573 1840 679 1927 ‘prae'
713 1838 886 1905 codicibus
918 1839 1047 1904 tradita
1079 1862 1098 1904 a
1125 1839 1320 1906 Baehrente
1352 1863 1392 1906 ao

220 1943 375 2011 Vahleno
392 1944 465 2030 (cfr.
481 1946 538 2011 Lc.
554 1970 586 2034 p.
599 1950 675 2030 344)
691 1969 821 2012 summo
837 1947 911 2012 iure
927 1947 1087 2012 restituta
1103 1954 1155 2012 est
1170 1969 1217 2012 vs.
1234 1947 1270 2011 11
1287 1953 1337 2030 28,
1350 1954 1391 2014 10

332 2055 431 2118 ‘Prae
454 2075 489 2125 se
512 2051 666 2119 formosis
688 2053 860 2119 invidiosa
882 2052 1000 2118 dcast’.

252 2239 293 2310 0.
331 2241 595 2327 praepositiones
618 2258 690 2311 cum
713 2242 903 2311 sccumtiro
927 2242 962 2310 st
984 2241 1124 2312 ablativo
1148 2242 1351 2311 coniunctae.

311 2381 339 2439 1.
371 2373 424 2437 De
447 2373 615 2460 particula
638 2374 699 2437 ‘in’
724 2374 957 2438 accusativum
979 2395 1093 2438 secum
1116 2371 1265 2438 habenti.

309 2481 340 2561 a)
371 2478 533 2544 Motionis
557 2478 700 2544 verbum
723 2501 939 2566 suppressum
962 2487 1025 2544 est:
1057 2479 1111 2543 ΠΙ
1135 2486 1163 2562 9,
1189 2485 1229 2543 60
1259 2483 1292 2543 ‘a
1314 2485 1390 2564 test,

331 2584 432 2663 Quod
454 2583 544 2650 ferar
566 2585 604 2648 in
626 2592 739 2671 partes
762 2585 835 2672 ipse
857 2583 963 2650 fuisse
985 2585 1083 2650 tuas'.

219 2690 279 2756 ubi
315 2714 334 2755 a
360 2691 512 2757 Feltinio
546 2691 628 2775 (Zur
655 2691 853 2756 Pr.·Kritik
888 2697 972 2756 1876
1005 2714 1036 2779 p.
1064 2693 1118 2777 12)
1150 2691 1281 2756 ‘ruisse'
1314 2713 1389 2780 pro·

218 2798 368 2886 positum
395 2821 466 2863 esse
493 2797 611 2863 mirari
637 2799 726 2864 licet.
774 2798 862 2862 Nam
895 2798 1012 2863 eadem
1045 2805 1216 2863 structura
1248 2797 1390 2864 offertur

219 2906 318 2971 v.IV
342 2914 370 2989 5,
394 2913 435 2971 48
461 2905 503 2970 ‘si
526 2905 638 2993 pulset
660 2905 782 2989 inanis,

330 3012 461 3078 Surdus
484 3013 522 3076 in
544 3011 726 3077 obductam
750 3011 895 3077 somniet
917 3034 1024 3096 usquo
1047 3011 1176 3076 seram'.

219 3119 240 3184 1.
257 3143 283 3184 e.
307 3119 492 3185 inclinatus
515 3119 552 3183 in
575 3141 684 3184 seram
705 3118 858 3184 somniet.
897 3117 966 3182 cfr.
991 3118 1063 3183 Ter.
1086 3118 1191 3183 Haut.
1215 3119 1251 3182 H
1275 3126 1303 3202 3,
1326 3124 1386 3184 101

219 3225 274 3290 ‘In
298 3248 413 3291 aurem
435 3226 601 3291 utramvis
618 3224 786 3290 dormias’.
818 3225 892 3290 iuv.
908 3225 958 3290 ΠΙ
975 3232 1038 3292 280
1063 3225 1179 3290 ‘cubat
1194 3224 1231 3289 in
1245 3223 1388 3290 faciem’.

219 3334 280 3398 Ov.
303 3333 384 3397 Her.
408 3332 476 3397 XII
500 3323 541 3397 63
571 3332 620 3396 ‘in
648 3354 707 3398 ora
729 3332 897 3397 iacentem
920 3332 1080 3397 Invenit’.
1125 3333 1218 3398 Fast.
1241 3331 1290 3398 IV
1315 3340 1385 3397 564.

219 3439 294 3504 Art.
318 3461 380 3504 am.
403 3439 450 3504 III
475 3446 547 3504 788.
588 3438 668 3503 Alia
691 3440 844 3526 exempla
870 3438 925 3504 vd.
950 3461 1001 3527 ap.
1024 3439 1186 3526 Draeger.
1228 3439 1244 3504 I
1267 3463 1298 3526 p.
1317 3445 1388 3505 660.

308 3543 344 3629 b)
371 3545 526 3611 Mutatae
549 3545 599 3609 rei
622 3543 731 3610 forma
747 3545 967 3633 conspicitur:
991 3545 1039 3610 ΙΙΙ
1059 3553 1109 3630 22,
1128 3552 1168 3611 14
1193 3546 1245 3611 ‘In
1267 3545 1390 3611 faciem

219 3674 339 3740 prorae
361 3652 462 3739 pinus
485 3652 607 3717 adacta
626 3652 757 3718 novae’.
789 3652 837 3717 IV
854 3660 883 3736 6,
901 3659 940 3717 25
967 3652 1067 3717 ‘acies
1090 3654 1243 3739 geminos
1259 3653 1388 3718 Nereus

218 3760 355 3825 lunarat
377 3759 414 3823 in
437 3759 555 3824 arcus'.
589 3759 649 3824 Ov.
665 3759 745 3824 Met.
762 3759 813 3824 XI
836 3766 908 3824 229.
941 3758 1021 3825 Her.
1037 3760 1069 3826 ΙΙ
1088 3765 1159 3824 181.
1188 3759 1289 3846 Verg.
1304 3758 1388 3825 Aen.

218 3865 355 3932 111533.
388 3864 516 3931 (10οΠ
533 3871 606 3930 448.
639 3867 737 3953 Prop.
754 3865 785 3930 ΙΙ
808 3873 857 3949 22,
880 3872 919 3931 21
946 3867 1063 3931 ‘exiles
1086 3865 1205 3931 videor
1228 3873 1388 3932 tenuatus

218 3974 256 4037 in
279 3973 394 4038 artus'.
433 3972 494 4038 Ov.
513 3973 594 4038 Met.
618 3973 688 4038 XV
704 3979 777 4038 551.
816 3973 868 4037 De
891 3995 940 4038 vs.
963 3972 1013 4038 IV
1032 3978 1080 4056 11,
1105 3979 1146 4038 82
1170 3971 1312 4040 Hertzb.
1334 3972 1388 4038 fu-

219 4079 288 4144 sius
312 4079 476 4168 exposuit.
522 4080 621 4166 Prop.
645 4079 693 4144 IV
718 4087 745 4164 6,
770 4087 811 4145 80

331 4184 487 4252 ‘Adstitit
509 4185 660 4273 Augusti
682 4187 824 4273 puppim
848 4208 950 4275 super
973 4194 1008 4251 et
1030 4205 1120 4252 nova
1142 4186 1276 4252 flamma

329 4291 437 4357 Luxit
459 4292 496 4357 in
520 4291 692 4377 obliquam
714 4299 769 4357 ter
791 4292 925 4358 sinuata
946 4290 1076 4357 facem’.
