3164 5132
638 275 858 367 ffu-

137 459 140 470 '
251 445 399 514 Transeo
421 446 467 512 ad
488 469 537 512 vs.
559 446 604 530 Π,
627 455 657 530 2,
682 454 700 511 6
725 445 868 512 ‘incedit
890 447 946 512 vel
961 445 1049 511 Jove
1072 445 1180 532 digna
1194 467 1296 529 soror,

251 550 325 618 Aut
348 575 425 617 cum
440 552 643 640 Munychias
658 553 771 618 Pallas
786 553 955 640 spatiatur
971 551 1015 618 ad
1029 553 1126 617 aras'.
1149 551 1210 618 ubi
1224 551 1334 616 Lach-

162 681 289 726 manno
312 666 347 725 et
361 659 588 746 Hertzbergio
611 681 759 726 sororem
780 659 1047 746 intellegendam
1063 681 1134 726 esse
1149 658 1334 746 Cynthiam

163 773 265 851 atque
288 765 429 832 voculae
445 766 526 832 ‘vel'
544 765 751 832 intensivum
766 765 837 832 vim
852 765 1094 853 imponendam
1107 765 1192 831 ratis
1206 764 1335 832 idcirco

163 872 341 956 assentior,
369 871 462 957 quod
483 879 599 938 noster
621 879 723 960 poeta
748 872 954 960 particulam
980 872 1061 938 ‘vel’
1084 894 1147 959 pro
1168 871 1335 938 vocabulo

164 979 274 1046 ‘adeo'
297 986 472 1066 acceptam
495 1001 572 1045 cum
594 979 731 1045 nomine
746 979 844 1046 Jovis
861 979 1070 1066 coniungere
1085 979 1179 1044 solet.
1212 978 1336 1044 Hertz·

163 1085 273 1172 bergu
293 1091 410 1152 autem
433 1085 593 1173 opinioni,
617 1087 731 1152 omnia
753 1109 824 1152 eme
847 1085 1015 1174 expedite„
1036 1085 1069 1150 si
1083 1085 1147 1152 ‘Ut
1161 1085 1252 1150 cum’
1273 1105 1336 1172 pro

165 1193 250 1260 ‘Aut
272 1193 363 1258 cum'
386 1192 565 1278 legeretur,
581 1192 665 1258 haec
681 1193 834 1280 exempla
849 1214 991 1280 oppono.
1030 1192 1091 1258 Ov.
1107 1215 1170 1256 am
1186 1192 1229 1256 H.
1247 1199 1276 1276 5,
1293 1197 1333 1256 s?

165 1300 287 1378 ‘Quale
309 1321 405 1365 rosae
426 1297 564 1385 fulgent
586 1350 618 1364 ..
640 1298 714 1366 Aut
736 1299 797 1366 ubi
819 1300 965 1366 cantatis
984 1299 1068 1365 luna
1082 1297 1216 1365 laborat
1232 1298 1336 1384 equis,

164 1407 238 1474 Aut
268 1407 362 1492 quod
385 1457 391 1470 .
417 1457 425 1470 .
448 1406 600 1472 Maeonis
623 1407 803 1494 Assyrium
825 1405 954 1472 femina
975 1406 1082 1472 tinxit
1103 1405 1209 1472 ebur'.
1254 1405 1337 1471 Mea

164 1514 233 1580 VH
251 1521 322 1580 107.
359 1512 454 1598 Ergo
477 1520 657 1597 structura,
681 1513 723 1578 de
745 1535 815 1598 qua
829 1514 953 1600 agitur,
977 1513 1060 1578 haec
1076 1519 1128 1578 est
1148 1512 1337 1578 ι1111111111..

111 1641 114 1650 ’
165 1643 259 1687 soror
282 1620 314 1704 (i
339 1642 365 1684 e.
389 1619 437 1683 als
462 1619 548 1706 eine)
573 1626 631 1684 aut
654 1620 765 1684 Pallas
789 1642 866 1684 cum
887 1619 1078 1707 spatiatur'.

256 1734 284 1791 5.
320 1724 426 1812 Apud
452 1727 551 1812 Prop.
580 1726 616 1790 Π
641 1732 691 1810 32,
716 1735 734 1791 5
759 1726 866 1792 codex
888 1727 993 1814 Neap.
1016 1725 1124 1791 tradit

256 1832 383 1897 ‘Curva
405 1838 440 1896 te
467 1831 674 1898 Herculeum
698 1833 882 1920 deportant
906 1831 1021 1898 esseda
1044 1831 1184 1898 Tibur'?
1215 1830 1337 1896 Lectio

166 1945 280 2005 autem
296 1937 428 2004 codicis
451 1937 554 2003 Gron.
601 1938 685 2004 ‘Our
707 1945 822 2005 vatem
844 1939 958 2005 Herc.⁷
978 1939 1192 2006 commendat
1207 1960 1338 2003 correc-

166 2046 295 2111 tionem
319 2045 444 2113 ‘Curvo
466 2052 502 2111 te
525 2047 563 2112 in
577 2047 686 2112 Herc!
715 2048 896 2114 Praeterea
911 2047 1000 2112 hano
1015 2047 1217 2134 scripturam
1232 2044 1338 2111 fulcio

166 2150 337 2219 simillimo
359 2152 528 2218 Martialis
550 2153 625 2219 loco
647 2153 699 2220 IV
721 2160 774 2238 62,
799 2161 815 2220 1

255 2258 376 2324 ‘Tibur
397 2259 435 2325 in
457 2259 664 2326 Herculeum
685 2260 850 2346 migravit
871 2260 972 2347 nigra
993 2259 1160 2347 Lycoris'.

256 2365 378 2450 Itaque
405 2367 548 2432 Mueller
579 2366 705 2432 iniuria
733 2365 908 2453 scripsisse
939 2366 1078 2432 videtur
1109 2365 1193 2431 ‘Gur
1220 2371 1280 2430 aut
1302 2371 1339 2432 te

168 2471 288 2555 Herc’,
311 2471 511 2558 praesertim
529 2493 607 2536 cum
620 2471 757 2538 litterae
773 2473 816 2536 ‘e’
833 2473 1083 2560 synaloepham
1098 2473 1136 2538 in
1151 2495 1219 2557 qua
1233 2471 1341 2537 offen·

170 2577 277 2661 derat,
309 2577 460 2644 inveniri
491 2577 582 2666 apud
608 2578 708 2666 Prop.
732 2578 783 2644 IV
808 2585 835 2663 1,
861 2586 901 2644 86
925 2579 997 2666 ipss
1021 2586 1175 2646 testetur.
1219 2579 1340 2664 Neque

150 2684 280 2765 ,minus
308 2683 482 2750 reicienda
514 2707 584 2750 esse
616 2707 745 2768 censeo,
778 2708 866 2770 quae
897 2685 936 2751 in
962 2685 1165 2751 Baehrentis
1187 2685 1340 2751 editione

168 2791 332 2876 leguntur
355 2790 438 2856 ι(1111·
458 2797 520 2856 tua
541 2797 577 2857 tc
599 2792 708 2857 Herc!

259 2904 288 2963 6.
319 2897 373 2962 De
397 2897 494 2963 ‘sive’
520 2898 690 2986 particula
716 2898 870 2985 Dreeger
898 2899 999 2987 paulo
1023 2900 1212 2964 accuratim
1235 2899 1341 2964 disse·

169 3004 248 3070 ruit.
288 3004 415 3070 Tamen
429 3012 469 3070 ut
483 3027 556 3070 rem
568 3005 695 3071 iterum
709 3012 862 3090 tractem,
878 3012 979 3072 variis
995 3025 1208 3072 commoveor
1221 3005 1339 3071 caruis

161 3129 163 3136 ·
258 3115 292 3194 a)
315 3112 456 3178 Praeter
479 3112 564 3178 ‘sivo
586 3150 630 3160 -
653 3112 738 3178 sive'
763 3115 906 3200 (septem
927 3113 1023 3197 loom)
1047 3120 1082 3178 et
1105 3117 1178 3178 ‘seu
1200 3153 1245 3164 -
1265 3111 1340 3178 seu'
1439 3108 1442 3113 ’

171 3216 294 3301 (tribus
308 3217 404 3300 locis)
420 3218 618 3305 Propertius
634 3219 906 3285 consecutionem
920 3220 1006 3286 ‘sive
1020 3257 1066 3272 --
1078 3220 1152 3286 seu'
1169 3219 1341 3285 adhibuit:

171 3324 189 3390 Ι
216 3329 246 3407 s,
277 3331 333 3406 11,
368 3330 417 3407 14,
446 3330 474 3390 9.
520 3324 556 3388 H
586 3333 635 3408 22,
665 3333 693 3390 a.
738 3325 793 3392 111
821 3332 872 3409 11,
902 3331 957 3408 723
988 3332 1041 3409 21,
1065 3333 1117 3410 ao,
1162 3327 1213 3392 IV
1235 3334 1265 3410 a,
1288 3333 1340 3392 as.

171 3430 240 3497 Sed
263 3453 311 3514 ec,
332 3430 426 3516 quod
440 3453 539 3497 usum
554 3435 627 3498 ‘seu
642 3471 683 3482 -
698 3432 785 3499 sive'
800 3439 937 3500 tantum
955 3432 1008 3498 bis
1024 3455 1167 3518 eumque
1182 3455 1226 3498 ue
1240 3433 1343 3498 aliter

173 3536 317 3623 quidem
340 3559 442 3622 quam
457 3544 534 3624 post
548 3538 807 3625 praecedentem
821 3539 978 3606 vocidam
1001 3539 1085 3604 ‘sen'
1100 3539 1151 3624 (Π
1167 3546 1196 3625 1,
1213 3546 1268 3622 16,
1284 3542 1342 3623 53)

174 3650 311 3710 secutus
335 3651 394 3728 est,
416 3643 460 3710 ab
482 3644 556 3710 aliis
581 3645 708 3731 elegiae
730 3647 840 3733 poetis
861 3646 1038 3732 aliquanto
1059 3646 1182 3712 differt.

261 3749 296 3834 b)
315 3750 521 3816 Coniunctio
539 3751 637 3817 ‘sive'
657 3752 926 3818 condicionalem
941 3753 1149 3818 sententiam
1161 3751 1344 3820 continuat

166 3858 209 3924 ,Π
233 3865 284 3942 22,
308 3865 327 3923 8
347 3866 384 3924 et
402 3859 454 3925 IV
470 3867 499 3942 5,
515 3867 567 3925 21.
605 3860 711 3925 Paulo
729 3858 900 3926 difficilior
915 3861 1094 3926 intellectu
1107 3867 1161 3926 est
1175 3859 1344 3947 particula

174 3965 267 4048 ‘seu',
291 3987 368 4029 cum
388 3965 469 4051 quis
481 3965 617 4052 longius
634 3965 729 4032 abest
742 3989 764 4031 a
778 3968 900 4032 vocula
915 3967 978 4051 ‘si',
994 3973 1069 4032 tum
1083 3966 1176 4051 quod
1190 3973 1291 4055 poeta
1305 3967 1344 4032 in

175 4071 352 4137 enuntiato
375 4095 493 4138 avoce
509 4073 592 4137 ‘seu'
609 4080 729 4162 coepto
745 4073 789 4138 ad
802 4073 904 4140 aliam
923 4073 1088 4161 poematis
1102 4080 1234 4162 partem
1249 4080 1343 4137 tran-

174 4184 239 4243 sut.
285 4177 413 4244 Temen
443 4173 682 4265 cognoscemus
709 4181 961 4267 responsionem
983 4180 1162 4267 utrimque
1184 4179 1343 4248 coniunc-

174 4284 291 4369 tionis,
323 4285 352 4350 si
383 4306 455 4350 rem
486 4285 675 4352 accuratius
708 4286 1039 4354 consideraverimus.
1084 4287 1239 4373 Namque
1261 4287 1344 4351 Pro·
