3164 5132
657 345 876 404 ...39-

264 561 272 671 ⁵¹
306 655 307 658 ¹
339 587 372 655 Β,
419 587 684 674 Praepositionas
708 605 780 658 cum
804 589 947 662 ablativo
970 535 1213 672 marpessas
1244 539 1269 670 'a
1286 543 1353 667 'iffi
1407 650 1409 654 .

247 732 294 791 -1’.
333 727 451 814 Praep.
475 727 539 794 Ab.

265 837 298 917 a)
330 834 455 920 Regio,
478 834 570 900 unde
593 857 736 922 persona
759 843 894 901 autres
917 835 1069 924 profecta
1093 845 1156 920 est,
1180 837 1351 923 intellegi-

175 943 246 1023 tur,
279 939 351 1006 sive
383 941 554 1006 enuntiati
578 941 725 1007 verbum
755 943 943 1030 particulae
976 945 1174 1009 iniunctum*
1200 937 1349 1032 apparet,

175 1048 247 1112 sive
271 1047 374 1112 deest.
1344 1062 1346 1066 ’

262 1160 298 1233 α)
330 1155 385 1219 Pr.
409 1154 460 1220 IV
485 1160 535 1237 10,
561 1162 599 1219 41
627 1160 749 1241 ‘genus
772 1156 829 1221 hic
852 1156 993 1221 Brenno
1014 1157 1164 1223 iactabat
1187 1158 1229 1223 ab
1254 1157 1348 1245 ipso'.

175 1261 236 1327 Ov.
260 1261 352 1326 Fast.
376 1261 426 1326 IV
452 1269 514 1327 305
1129 1249 1130 1256 ἵ
1228 1291 1241 1308 ν

202 1369 204 1376 ’
242 1413 244 1418 .
288 1366 443 1433 ‘Claudia
466 1368 596 1446 Quinta
619 1391 726 1454 genus
750 1369 872 1444 Clauso
896 1367 1065 1435 referebat
1088 1369 1131 1435 ab
1155 1371 1247 1435 alto’;

264 1475 318 1539 Pr.
341 1475 392 1540 IV
417 1482 444 1558 6,
470 1482 510 1540 37
536 1481 568 1540 ‘0
591 1476 695 1562 longa
718 1477 839 1541 mundi
862 1467 1014 1543 servator
1037 1475 1080 1542 ab
1095 1476 1207 1542 Alba’.
1246 1478 1349 1564 Verg.

175 1581 257 1646 Grec.
273 1581 327 1645 HI
338 1590 362 1646 ⁴1
381 1581 515 1646 ‘Pastor
530 1580 573 1646 ab
589 1581 806 1669 Amphryso'.
831 1583 891 1648 Ov.
910 1583 991 1648 Met.
1008 1583 1063 1647 IX
1074 1590 1137 1648 136
1162 1584 1291 1648 ‘Victor
1306 1585 1348 1648 ab

175 1688 357 1763 Oechalia'.
387 1687 459 1753 Cat.
477 1695 528 1771 81,
547 1695 565 1753 3
590 1689 667 1753 ‘iste
690 1688 804 1754 asede
820 1690 954 1754 Pisauri
969 1687 1122 1777 Hospes’.
1154 1690 1269 1755 Per
1285 1698 1312 1774 9,
1329 1699 1347 1755 9

288 1795 417 1859 ‘incola
440 1795 548 1859 (lacus
573 1802 653 1878 erat,
677 1796 860 1861 metuendo
883 1804 1000 1883 raptor
1023 1796 1066 1862 ab
1089 1798 1210 1862 antro'.
1260 1839 1263 1844 -
1346 1822 1348 1826 ¹

252 1901 425 1968 ¹Oratione
453 1903 628 1988 eleganter
655 1899 800 1968 formata
824 1904 988 1990 expressit
1016 1911 1118 1990 poeta
1141 1903 1349 1969 relabentem

174 2009 223 2075 ab¹
241 2032 298 2075 ore
321 2017 441 2096 potum
464 2031 512 2073 vs.
535 2009 571 2072 H
597 2016 646 2091 17,
672 2016 690 2073 6
1346 2023 1348 2030 ’

287 2116 349 2182 ‘Ut
371 2116 484 2200 liquor
506 2115 617 2181 arenti
638 2114 737 2180 fallat
760 2115 803 2180 ab
827 2137 885 2181 ore
909 2116 1025 2181 sitim’.

286 2221 372 2309 (lib.
396 2223 414 2286 l
438 2231 465 2304 3,
492 2229 531 2286 78
557 2223 685 2309 ‘poturi
709 2221 834 2287 deserit
857 2223 948 2287 unda
972 2223 1101 2305 sitim’.)

173 2329 235 2396 ubi
257 2352 310 2394 res
333 2329 393 2394 vix
415 2324 622 2416 postulabat,
651 2337 691 2394 ut
713 2329 853 2395 Hertzb.
878 2331 922 2394 ad
946 2331 1099 2418 exempla
1123 2353 1245 2416 graeca
1269 2332 1352 2395 con?

173 2436 319 2523 fugeret.
352 2437 440 2502 Nam
462 2437 547 2502 haec
570 2436 844 2522 breviloquentia
867 2438 1046 2502 invenitur
1068 2438 1122 2502 his
1144 2424 1243 2502 loeis:¹
1265 2437 1347 2503 Hor.

174 2545 225 2609 IV
249 2553 281 2628 4,
308 2551 348 2608 14
386 2548 519 2631 ‘caprea
551 2544 685 2631 pascuis
717 2545 857 2609 intenta
886 2596 892 2608 .
918 2586 930 2608 .-
957 2535 1076 2609 matris
1108 2543 1150 2609 ab
1183 2543 1286 2610 ubere
1310 2535 1348 2608 1⁴?ss

174 2651 336 2716 leonem.
361 2701 368 2715 .
392 2650 503 2715 vidit’.
552 2651 653 2737 Verg.
677 2650 761 2716 Aen.
786 2652 804 2715 I
829 2659 891 2716 160
917 2652 1047 2716 ‘insula
1069 2659 1206 2738 portum
1228 2650 1349 2716 Efficit

174 2757 311 2825 obiectu
333 2758 492 2840 laterum,
518 2756 641 2842 quibus
665 2759 775 2822 omnis
798 2757 840 2822 ab
865 2759 934 2823 alto
958 2759 1178 2843 Frangitur.
1203 2812 1209 2824 .
1234 2758 1348 2823 unda'.

175 2865 256 2930 Grec.
280 2865 317 2928 H
341 2871 413 2928 243.
1055 2876 1057 2884 ’
1349 2883 1350 2888 ’

262 2971 475 3036 Simillimam
507 2970 607 3034 alteri
638 2977 845 3035 structuram
876 2970 1019 3036 verbum
1043 2969 1185 3035 fallendi
1209 2969 1348 3035 exhibet

174 3079 248 3144 loco
270 3084 418 3143 tractato
441 3100 473 3163 p.
491 3084 541 3141 37.
573 3076 707 3142 Deinde
731 3077 768 3142 in
790 3077 912 3142 talium
935 3077 1109 3142 enuntiati
1126 3075 1349 3142 formularum

174 3202 314 3250 numero
337 3183 487 3248 habendi
511 3190 592 3248 sunt
615 3205 741 3267 versus,
766 3182 808 3248 de
832 3183 955 3269 quibus
980 3183 1124 3248 disserui
1146 3206 1177 3269 p.
1196 3190 1238 3248 34
1255 3192 1289 3249 et
1306 3191 1348 3249 43

175 3300 210 3358 et
232 3315 264 3379 p.
282 3300 332 3356 45.
364 3291 521 3375 Denique
546 3290 587 3354 de
604 3290 736 3356 duobus
752 3291 843 3374 locis,
868 3291 935 3375 qui,
959 3291 989 3355 si
1004 3291 1292 3378 praepositionem
1308 3292 1348 3357 ‘a’

175 3399 268 3465 docti
295 3405 386 3463 recte
414 3403 651 3485 reposuerunt,
683 3398 751 3462 illis
784 3398 947 3484 exemplis
979 3397 1229 3464 adnumerandi
1261 3393 1350 3480 sunt,¹

176 3505 349 3594 disputavi
371 3528 402 3592 p.
420 3510 457 3568 41
487 3511 521 3568 et
545 3512 595 3568 42.

263 3616 296 3697 β)
324 3611 492 3678 Universa
515 3633 568 3675 res
592 3608 634 3674 ab
658 3618 820 3695 extrema,
847 3633 913 3695 qua
937 3611 1077 3698 incipit,
1105 3620 1202 3698 parte
1226 3613 1349 3678 descri-

174 3718 281 3784 bitur:
304 3718 425 3801 11125,
445 3724 484 3782 13
509 3717 652 3782 ‘Vellere
675 3725 750 3783 tum
766 3719 882 3804 cupias
905 3716 999 3782 albos
1023 3740 1043 3782 a
1064 3719 1171 3806 stirpe
1188 3719 1349 3806 capillos’.

175 3825 247 3890 Tib.
270 3826 288 3889 I
313 3833 346 3908 8,
369 3832 410 3890 45
445 3823 591 3888 ‘Tollere
618 3831 693 3888 tum
718 3847 800 3889 cura
824 3832 875 3890 est
898 3823 993 3889 albos
1016 3848 1036 3890 a
1059 3826 1165 3912 stirpe
1189 3825 1349 3912 capillos’.

175 3932 277 4018 Verg.
293 3931 374 3997 Grec.
390 3932 408 3995 Ι
426 3939 467 3996 20
489 3934 654 3995 ‘teneram
669 3929 712 3995 ab
728 3931 842 3996 radice
857 3929 969 3996 ferens
987 3983 993 3994 .
1011 3983 1017 3995 .
1034 3932 1250 4018 cupressum'.
1277 3937 1352 4000 319.

175 4038 253 4103 Alia
276 4044 413 4103 exstant
435 4061 487 4124 ap.
510 4037 623 4102 Hand.
646 4038 664 4101 Ι
689 4045 739 4102 24.

219 4149 220 4154 ’
251 4149 295 4229 jy‘)
329 4145 568 4210 intercedente
600 4145 644 4209 ‘a’
677 4145 798 4210 vocula
830 4143 935 4211 verba
967 4143 1142 4209 iudicandi
1176 4151 1210 4209 et
1243 4145 1351 4210 nomi«

175 4251 283 4317 nandi
306 4273 384 4316 cum
406 4250 622 4316 substantivo
647 4251 858 4338 copulantur.
905 4253 958 4316 Pr.
982 4250 1034 4315 ΙΙΙ
1058 4257 1093 4332 3,
1119 4257 1158 4315 38
1188 4250 1251 4317 ‘Ut
1273 4273 1350 4316 reor

175 4381 194 4423 a
217 4356 313 4442 facie,
338 4357 523 4446 Calliopeia
545 4357 635 4424 fuit'.
675 4358 735 4422 Ov.
752 4357 807 4422 Tr.
824 4358 874 4422 IV
892 4365 920 4441 6,
946 4365 986 4423 39
1012 4361 1210 4442 ‘nostroque
1233 4380 1253 4422 a
1277 4379 1350 4422 cor·
