3164 5132
688 350 1026 418 -58-'

210 529 454 616 terrogationie
487 530 587 617 signo
619 529 733 595 versui
765 527 878 595 dando
911 529 1090 594 consentit.
1140 528 1190 594 At
1221 528 1387 595 adverbio

211 637 287 702 ‘sic’
310 660 372 724 pro
396 644 512 703 nostra
540 635 730 703 elocutione
755 640 834 701 ‘nur
856 625 904 701 s'o’⁴
930 643 1069 724 accepto
1092 658 1214 702 vocem
1237 624 1386 724 ‘hospes’

210 744 344 810 notioni
368 744 513 830 ‘regina’
537 742 728 831 oppositam
749 743 840 808 vult:

317 851 387 917 ‘Sic
409 851 530 938 hospes
547 850 580 934 (i.
598 873 623 915 e.
640 849 782 937 paelex),
804 849 978 937 parianme
997 853 1058 914 tua
1069 849 1194 936 regina
1209 849 1272 914 sub
1288 849 1387 915 aula?

316 957 386 1024 Dos
410 957 477 1023 tibi
498 980 571 1023 non
594 956 732 1022 humilis
755 957 893 1043 prodita
914 957 1025 1022 Roma
1046 957 1151 1023 venit.

317 1065 356 1130 Si
379 1064 500 1148 minua,
523 1072 559 1130 at
582 1072 699 1152 raptae
722 1087 766 1129 ne
789 1063 859 1129 sint
882 1064 1021 1151 impune
1044 1064 1200 1148 Sabinae,

316 1171 372 1235 Me
396 1193 476 1259 rape
500 1178 536 1236 et
558 1171 691 1236 alterna
712 1171 789 1256 lege
812 1170 960 1259 repende
984 1171 1097 1236 vices’.

299 1277 393 1356 Quae
416 1277 589 1342 sententia
612 1276 832 1343 confirmatur
854 1273 929 1342 loco
953 1277 1051 1343 Ovid.
1075 1276 1156 1342 Her.
1180 1277 1249 1342 VH
1274 1283 1336 1342 167

322 1385 378 1451 ‘Si
400 1384 509 1472 pudet
530 1384 655 1468 uxoris,
678 1406 748 1449 non
771 1391 887 1472 nupta,
912 1384 971 1449 sed
993 1383 1129 1471 hospita
1152 1383 1246 1448 dicar

321 1492 412 1556 Dum
435 1498 495 1556 tua
518 1490 564 1555 sit
585 1490 685 1574 Dido,
709 1490 889 1575 quodlibet
911 1513 983 1556 esse
1006 1489 1116 1555 feret'.

299 1597 420 1683 Itaque
448 1598 560 1664 elucet
582 1597 647 1663 hoc
670 1619 804 1683 quoque
831 1597 906 1663 loco
928 1599 1027 1684 Prop.
1052 1597 1203 1662 codicem
1225 1597 1384 1686 Neapoli-

211 1711 330 1769 tanum
353 1703 516 1790 optimam
538 1693 700 1792 praebere
724 1705 934 1791 scripturam.

675 3187 918 3255 Corrigenda:

303 3291 475 3359 Quibusdam
503 3292 570 3348 locis
592 3295 629 3364 (p.
648 3295 756 3364 8-14)
773 3293 862 3364 [litsu
884 3311 935 3366 pro
954 3293 1009 3349 litt.
1028 3294 1054 3347 ii
1076 3311 1223 3365 perperam
1245 3297 1382 3365 usurpata

210 3384 261 3437 est.
288 3401 315 3453 p.
331 3384 360 3436 11
376 3383 444 3436 val
466 3381 817 3454 ‘quiddam'legaevelim
846 3401 872 3453 p.
889 3384 921 3438 15
934 3401 973 3437 vs.
988 3383 1021 3437 13
1041 3383 1188 3440 ‘dextera'.
1215 3383 1290 3454 1222
1310 3384 1381 3440 va3

210 3471 298 3526 ‘vitae
317 3471 368 3528 ee'.
