3164 5132
668 991 883 1089 Vita.

278 1420 495 1507 Arnsbergae
517 1427 618 1485 natus
642 1442 716 1484 sum
738 1417 884 1485 Adolfus
907 1418 1070 1507 Spandau
1093 1443 1120 1486 a.
1137 1419 1167 1484 d.
1183 1419 1272 1485 XIV
1291 1419 1359 1485 Gal.

189 1527 258 1592 Jul.
279 1528 362 1592 anni
383 1526 452 1592 LX
466 1526 498 1590 h.
516 1550 548 1610 s,
571 1533 669 1614 patre
684 1526 843 1610 Henrico‚
866 1533 975 1592 matre
990 1526 1104 1610 Luisa‚
1128 1549 1229 1612 quam
1245 1549 1361 1614 super·

189 1635 304 1699 stitem
328 1657 398 1699 esse
420 1633 566 1698 maxime
589 1632 729 1719 gaudeo.
766 1631 867 1698 Fidei
889 1632 1046 1698 addictus
1067 1656 1141 1698 sum
1167 1633 1361 1700 catholicae.

189 1740 400 1806 Maturitatis
428 1739 662 1805 testimonium
694 1739 732 1804 in
763 1739 895 1828 patriae
923 1740 1115 1826 gymnasio,
1149 1740 1241 1826 quod
1267 1763 1361 1805 nuno

189 1848 292 1912 etiam
314 1847 414 1913 floret
438 1846 606 1912 directore
626 1835 789 1913 Scherero
812 1845 899 1912 bene
923 1847 965 1911 de
988 1869 1041 1911 me
1064 1847 1195 1930 meritc,
1218 1847 1361 1935 adeptus

187 1953 443 2038 Monasterium,
466 1961 506 2018 ut
529 1975 582 2018 me
607 1952 722 2019 darem
745 1952 960 2041 philologieis
984 1953 1213 2019 etaehistoricis
1229 1953 1361 2037 studiis,

187 2073 241 2124 me
265 2060 404 2126 contuli.
438 2061 623 2145 Postquam
646 2061 683 2124 in
705 2059 765 2125 illa
780 2059 951 2126 academia
973 2083 1080 2125 unum
1098 2082 1227 2125 annum
1243 2059 1362 2125 audivi

189 2167 280 2231 viros
305 2165 531 2232 doctissimos:
563 2166 696 2253 Lange,
725 2167 836 2250 Stahl,
863 2165 1035 2250 Lindner,
1063 2166 1198 2250 Storck,
1226 2166 1361 2254 perrexi

187 2272 383 2338 incumbere
398 2273 436 2337 in
449 2273 581 2339 litteras
595 2273 633 2338 in
646 2273 873 2339 universitate
889 2273 1113 2356 Berolinensi,
1136 2271 1197 2336 ubi
1211 2294 1271 2359 per
1294 2271 1361 2337 tria

188 2380 362 2445 semestria
385 2388 419 2445 et
434 2381 564 2445 scholas
580 2378 800 2465 frequentavi
814 2380 1118 2446 illustrissimorum
1134 2379 1255 2444 horum
1270 2379 1361 2444 viro-

188 2508 276 2550 rum:
312 2485 491 2569 Huebner,
522 2485 718 2570 Kirchhoff,
746 2486 893 2571 Vahlen,
926 2487 1126 2570 Mommsen,
1154 2484 1361 2568 Treitschke,

189 2593 344 2670 Schemr,
377 2593 501 2677 Zeller,
534 2600 569 2658 et
598 2593 637 2657 in
664 2593 840 2659 Huebneri
872 2601 975 2679 atque
1004 2592 1151 2658 Vahleni
1182 2592 1360 2657 societates

188 2698 378 2786 philologus
401 2707 558 2787 receptus
581 2722 664 2764 sum.
696 2699 782 2764 Inde
805 2700 1039 2766 universitatis
1062 2698 1251 2787 Lipsiensis
1275 2698 1360 2765 civis

188 2805 299 2872 factus
327 2805 445 2872 audivi
471 2829 533 2893 per
560 2813 690 2894 septem
717 2807 891 2872 semestria
920 2807 981 2873 hos
1011 2807 1223 2872 doctissimos
1255 2806 1360 2872 viros:

189 2913 337 2998 Curtius,
346 2912 475 2999 Lange,
489 2913 635 3000 Lipsius,
643 2912 808 2997 Ribbeck,
818 2913 1052 2998 Waohsmuth,
1067 2910 1360 2996 Maurenbrecher,

189 3020 304 3106 Voigt,
318 3019 459 3102 Wenok,
475 3018 700 3103 Hildebrand,
717 3019 876 3103 Zarncke,
893 3019 1034 3103 Heinze,
1048 3020 1192 3103 Wundt,
1207 3017 1360 3084 Richter.

189 3117 503 3191 Exercitationibus
529 3126 712 3213 philologis
742 3134 845 3212 atque
873 3126 1074 3211 antiquariis
1102 3135 1142 3191 ut
1169 3148 1230 3214 per
1260 3125 1361 3210 quin-

190 3256 255 3318 que
283 3232 457 3298 semestria
484 3232 694 3317 interessem,
721 3231 909 3298 liberaliter
938 3254 1132 3304 concessere
1159 3231 1297 3320 Lipsius
1326 3239 1361 3296 et

189 3339 398 3404 Ribbeckius
421 3347 524 3424 atque
539 3339 758 3425 benignitate
773 3338 1072 3404 Maurenbrecheri
1087 3338 1216 3405 facturn
1237 3346 1297 3424 est,
1321 3347 1361 3404 ut

190 3447 257 3511 duo
280 3445 454 3510 semestria
477 3445 649 3510 seminarii
671 3445 825 3510 historici
849 3445 972 3510 sodalis
997 3467 1110 3510 essem.

279 3551 410 3630 Quibus
433 3551 517 3617 viris
540 3552 667 3639 optime
691 3551 733 3616 de
756 3574 809 3617 me
832 3551 963 3616 meritis
987 3574 1065 3617 cum
1088 3551 1258 3636 omnibus,
1285 3559 1360 3617 tum

190 3658 379 3725 Ribbeckio
403 3667 437 3724 et
460 3657 578 3745 Lipsio
601 3659 729 3744 gratias
753 3681 818 3744 ago
842 3681 943 3744 quam
966 3659 1137 3724 maximas.
