3164 5132
653 303 853 362 „6-

168 475 255 540 ‘nec'
272 474 409 559 requiri,
432 481 472 540 ut
486 473 726 540 Lachmannus
748 473 854 562 probe
873 474 1105 540 intellexisset.
1137 475 1258 560 Itaque
1274 474 1336 558 ‘it',

167 601 237 648 non
260 581 320 646 ‘et’
345 587 486 668 aposta
508 579 836 668 fortessescriptum
859 603 938 647 esse.
969 579 1019 646 At
1042 575 1230 646 clio'modo
1255 581 1338 646 dici-

167 694 226 752 tur
249 686 339 753 ‘lbet
361 687 491 754 viderc’
516 689 628 775 (Prop.
651 688 670 754 Ι
694 694 722 771 1,
748 692 801 770 12)
825 695 860 754 et
883 691 1033 776 ‘carpere
1053 691 1222 776 (pontum)
1237 688 1337 752 remis

167 792 250 858 Ibis'
274 793 305 876 (I
329 801 361 878 6,
387 796 442 880 33)
475 801 577 879 etque
604 795 646 860 ‘it
673 795 817 879 vivere’‚
850 817 952 881 quem
979 794 1022 860 ob
1050 817 1122 860 rem
1148 795 1231 860 haec
1259 816 1337 860 con·

167 900 298 965 iectura
321 883 429 965 doctis
452 923 522 966 non
544 901 652 987 magis
674 901 813 988 placuit,
837 923 938 987 quem
961 901 1199 989 interpretatio
1214 902 1337 967 Hertz-

166 1005 290 1092 bugd,
319 1007 379 1092 qui
405 1006 450 1072 ed
476 1007 622 1093 figuram
649 1008 836 1094 zeugmatis
864 1005 1074 1094 confugeret.
1119 1009 1173 1074 Ne
1194 1008 1338 1074 Mueller

168 1112 306 1198 quidem
329 1119 423 1178 recte
445 1113 612 1179 iudicasse
633 1113 718 1179 mihi
745 1114 897 1198 videtur,
930 1137 1007 1179 cum
1033 1113 1109 1206 fieri
1135 1115 1197 1181 vix
1222 1116 1337 1202 possit,

167 1227 208 1285 ut
234 1241 254 1284 a
281 1218 386 1286 verbo
411 1221 573 1307 ‘parcere’
603 1227 637 1285 et
664 1221 802 1287 dativus
825 1219 959 1286 ‘famae'
987 1221 1136 1308 pendeat
1163 1229 1198 1287 et
1224 1221 1338 1287 infini-

168 1327 261 1391 tivus
285 1326 437 1392 ‘vivere’.
483 1327 640 1413 Denique
663 1328 851 1412 Fonteinii,
875 1327 1046 1415 Madvigii
1068 1327 1338 1414 Baehrentisque

168 1432 372 1519 scripturam
396 1433 531 1499 ‘Purior
553 1434 599 1500 et’
624 1455 695 1499 esse
722 1433 880 1500 inutilem
903 1441 998 1500 ratus
1022 1457 1201 1522 exponam,
1230 1436 1338 1520 qualis

168 1538 213 1603 sit
235 1539 371 1604 illorum
386 1539 569 1606 verborum
592 1539 822 1606 conformatio.
855 1541 943 1606 Nam
967 1540 1122 1606 adhibite
1143 1539 1213 1607 ἀπὸ
1231 1542 1338 1606 κοινοῦ

167 1645 310 1732 figura1)
339 1669 381 1712 ex
403 1648 566 1733 negativo
593 1647 743 1714 membro
771 1649 809 1714 in
831 1649 972 1713 alteram
994 1649 1184 1715 sententiae
1206 1657 1338 1737 partem

167 1752 310 1819 verbum
342 1754 526 1820 revocandi
556 1753 737 1821 transfero:
769 1777 833 1820 neo
864 1762 1045 1820 revocatur
1076 1776 1274 1842 parcere..
1304 1763 1338 1820 et

169 1865 214 1944 (=
239 1860 312 1943 sed)
334 1868 516 1926 revocatur
538 1861 663 1927 vivere.
1146 1939 1148 1944 Ι

258 1967 352 2044 Quae
383 1990 436 2033 res
468 1975 507 2033 ut
539 1969 742 2052 illustretur,
776 1969 920 2034 alterum
951 1968 1106 2033 adscribo
1139 1969 1337 2056 exemplum,

169 2095 235 2157 quo
258 2074 391 2139 nullum
414 2074 556 2140 similius
583 2075 783 2160 requiretur.
828 2075 969 2141 Etenim
995 2074 1168 2141 codicibus
1190 2075 1281 2141 inter
1303 2099 1340 2141 se

169 2180 460 2246 consentientibus
484 2182 698 2269 Propertium
720 2182 875 2248 videmus
897 2167 1051 2247 locutum
1075 2205 1145 2246 esse
1168 2181 1219 2248 IV
1244 2188 1271 2267 1,
1298 2188 1337 2248 19

168 2286 277 2351 ‘Nulli
314 2310 394 2352 cura
429 2287 497 2352 fuit
530 2295 686 2354 externos
719 2311 880 2374 quaerere
913 2288 1022 2372 divos,
1060 2288 1146 2353 Oum
1177 2296 1338 2354 tremeret

167 2393 279 2481 patrio
311 2395 460 2482 pendula
491 2395 592 2460 turbe
624 2418 731 2479 sacro,
767 2395 960 2481 Annuaque
997 2417 1136 2461 ccccmo
1169 2395 1338 2461 celebrare

168 2500 295 2565 Parilia
317 2499 439 2567 faeno'.

259 2605 333 2683 Quo
348 2608 421 2673 loco
436 2607 580 2674 verbum
595 2607 783 2674 ‘celebrere'
800 2631 871 2674 esse
879 2608 1091 2676 infinitivum
1099 2610 1338 2676 Lachmannus

169 2714 241 2800 ipse
263 2714 405 2780 monuit.
450 2715 577 2780 Tamen
604 2737 695 2780 nexu
723 2715 881 2780 carminis
904 2715 1081 2803 desperato
1104 2724 1144 2781 ut
1168 2717 1338 2782 coniectu-

168 2843 241 2886 ram
264 2820 402 2886 ‘Annua
425 2821 472 2886 at’
501 2821 543 2887 eb
566 2822 719 2909 Hauptio
742 2822 965 2907 Vahlenoque
992 2829 1182 2910 susceptam
1209 2821 1337 2907 feeerit,

168 2927 250 2993 inde
273 2928 434 2993 accidisse
449 2927 595 3012 videtur,
620 2928 711 3014 quod
734 2951 810 2993 cum
833 2929 940 2994 eltero
964 2929 1063 2994 elteri
1085 2929 1159 2995 loco
1174 2950 1337 2995 summam

169 3033 428 3100 similitudinem
451 3058 521 3100 esse
544 3036 778 3123 praetervidit.

256 3141 351 3227 Ergo
383 3142 506 3226 elucet,
534 3142 572 3207 in
595 3141 750 3207 omnibus
775 3150 920 3227 quatuor
949 3141 1102 3208 versibus
1128 3143 1337 3208 coniunctio·

169 3269 247 3312 nem
275 3248 515 3336 copulativam⁷
548 3271 633 3333 quae
660 3249 800 3314 accedet
827 3248 871 3314 ed
901 3249 1115 3337 particulam¹
1132 3248 1225 3333 ‘sed’,
1257 3249 1338 3314 reti-

168 3354 316 3419 nendam
339 3377 418 3420 esse.

256 3460 391 3546 Restat,
419 3470 460 3527 ut
487 3462 672 3549 adiungam
700 3463 915 3528 enuntiatum
939 3463 1023 3527 ‘Nec
1049 3469 1164 3527 temen
1187 3513 1217 3527 ..
1241 3485 1337 3529 revo-

169 3575 266 3633 cetur
294 3569 384 3654 etsq.’
412 3577 553 3657 propter
579 3592 722 3655 sequens
746 3569 919 3635 distichon
946 3570 1031 3635 ‘Hes
1059 3573 1201 3654 (noctes)
1233 3569 1336 3634 inter'

169 3681 229 3740 eut
244 3676 441 3763 parenthesi
455 3677 707 3760 includendum,
730 3684 798 3755 aut,
813 3676 851 3742 id
866 3663 964 3762 quod'
973 3677 1011 3743 in
1025 3676 1173 3743 Vahleni
1188 3676 1337 3742 editione

169 3779 299 3846 factum
322 3790 382 3867 est,
404 3783 443 3848 in
466 3784 626 3849 carminis
648 3783 716 3849 fine
738 3783 936 3871 ponendum
960 3806 1039 3849 esse.

258 3896 287 3954 8.
319 3889 480 3976 Vulgeris
511 3891 755 3978 particularum
787 3894 863 3956 ‘nec
890 3925 935 3938 -
962 3898 997 3956 et
1029 3891 1133 3975 (que)'
1162 3889 1337 3977 responsio

169 3995 358 4062 invenitur:
390 3997 441 4063 IV
466 4005 494 4081 5,
519 4005 537 4063 3

259 4157 280 4226 ¹)
299 4155 375 4222 Quae
393 4155 489 4225 attuli,
513 4155 567 4211 duo
586 4155 712 4226 exempla
730 4155 868 4210 Alienium
891 4155 1052 4226 effugerunt.
1090 4153 1174 4210 cuius
1193 4154 1223 4208 in
1241 4153 1337 4210 libello

170 4243 220 4313 (De
237 4245 342 4316 figurae
360 4239 416 4299 cinti
434 4249 530 4299 κοινοῦ
548 4262 599 4299 usu
618 4243 694 4314 apud
713 4244 774 4300 Cat.
787 4244 849 4299 Tib.
862 4244 944 4314 Prop.
972 4243 1119 4299 Schwerin.
1144 4244 1239 4314 Progr.
1259 4243 1337 4314 1884)

170 4333 227 4387 clia
245 4332 377 4390 invenies.
