3164 5132
709 297 928 354 „40-

229 490 311 558 pore
335 474 500 553 quantum
522 466 705 554 Auguror’.
752 467 854 553 Verg.
878 467 933 530 IX
957 473 1020 531 235
1046 469 1147 530 ‘neve
1169 465 1253 531 haec
1277 462 1447 529 nostris

230 582 427 662 spectentur
454 573 497 639 ab
521 575 643 639 annis’.
677 571 737 638 ubi
759 573 933 659 Ladewig.
956 573 1045 637 hanc
1069 595 1140 637 rem
1163 571 1332 658 Vergilio
1363 569 1447 636 soli

229 680 356 746 iniuria
378 680 547 746 attribuit.
579 681 719 746 Etenim
743 702 900 767 compara
922 680 982 745 Ov.
998 679 1079 744 Met.
1103 678 1192 744 XIV
1208 685 1271 744 323
1298 677 1445 743 ‘ficta-

231 811 297 873 que
318 787 441 876 probes
465 787 508 852 ab
523 788 672 872 imagine
695 787 833 852 verem’.
866 786 947 852 Her.
966 785 1003 850 H
1020 792 1061 850 86
1085 785 1141 851 ‘ab
1165 793 1291 852 eventu
1318 784 1444 850 facta

230 894 384 969 notanda·
404 895 526 981 putat’.
572 895 653 958 Pan.
676 893 774 958 Mese.
800 901 818 958 3
843 897 877 958 ‘a
898 892 1029 958 meritis
1053 892 1082 956 si
1101 893 1255 958 carmina
1276 891 1441 975 laudere,

230 1001 422 1084 Deficient’.

320 1110 373 1172 Pr.
389 1108 441 1173 IV
458 1115 485 1191 7,
505 1115 545 1174 75
569 1107 705 1191 ι1111111,
730 1106 785 1171 cui
800 1128 925 1171 nomen
945 1104 987 1169 ab
1003 1105 1120 1170 usust’.
1156 1113 1183 1188 2,
1200 1112 1241 1171 48
1260 1106 1440 1172 ‘Nomen

232 1213 274 1279 ab
298 1222 455 1280 eventu.
479 1265 487 1278 .
511 1214 629 1279 dedit’.
676 1223 705 1297 4,
730 1220 780 1278 93.

319 1319 356 1406 b)
383 1319 531 1386 Maxime
555 1321 707 1388 omnium
731 1326 909 1407 poetarum
932 1318 1029 1384 Ovid.
1054 1325 1089 1384 et
1111 1321 1210 1406 Prop.
1234 1320 1433 1407 praeposi-

232 1427 326 1492 tione
350 1428 394 1492 ‘a’
418 1450 481 1514 pro
504 1427 650 1514 simplici
675 1426 825 1492 ablativo
848 1426 902 1491 usi
925 1433 1014 1494 sunt.
1054 1426 1110 1492 Va.
1133 1427 1187 1494 IH
1212 1434 1262 1510 25,
1288 1435 1305 1490 5

344 1533 416 1598 ‘Nil
438 1556 577 1602 moveor
598 1534 758 1598 lacrimis:
782 1533 849 1598 ista
871 1555 945 1598 sum
969 1539 1087 1619 captus
1110 1532 1153 1598 ab
1177 1533 1273 1598 arte’.

321 1639 569 1726 Heimreioh.1),
594 1639 686 1724 quod
710 1639 769 1724 qui
783 1639 931 1704 lacrimis
945 1661 1017 1706 non
1039 1647 1304 1726 permoveretur,
1328 1662 1428 1705 eum

232 1770 276 1812 ne
309 1753 383 1812 arte
416 1746 555 1832 quidem
585 1746 661 1834 capi
692 1767 790 1834 posse
822 1745 963 1822 diceret,
997 1747 1141 1811 ‘cautus’
1169 1768 1231 1833 pro
1259 1745 1425 1834 ‘captus’

234 1854 400 1941 scriptum
415 1853 533 1920 voluit.
562 1852 611 1918 At
626 1853 685 1919 ille
701 1861 735 1918 et
752 1852 811 1938 qui
827 1852 1056 1918 coniecturam
1071 1853 1208 1939 recepit,
1223 1852 1424 1935 Baehrens,

233 1961 294 2026 vix
316 1960 553 2044 meminerunt,
580 1960 667 2025 illud
691 1965 778 2025 ‘sum
802 1959 933 2046 captus'
957 1961 1149 2044 germanice
1171 1982 1240 2024 non
1267 1960 1324 2024 ich
1345 1959 1425 2024 bin

234 2066 415 2154 gesangen,
440 2068 499 2133 sed
522 2068 579 2133 ich
601 2066 663 2132 bin
685 2065 860 2153 gefangen
882 2065 1023 2131 worden
1046 2065 1304 2153 exprimendum
1328 2089 1420 2132 esse.

235 2176 295 2243 Ov.
319 2174 394 2239 Am.
417 2174 454 2239 H
479 2182 533 2259 12,
558 2183 576 2240 4
611 2173 827 2257 ι8111111111,
855 2196 898 2238 ne
922 2196 989 2258 qua
1011 2179 1126 2259 posset
1147 2172 1190 2237 ab
1214 2180 1287 2239 arte
1310 2173 1420 2260 cepi'.

235 2283 288 2346 rr.
312 2283 349 2346 H
373 2289 435 2346 462
462 2280 551 2358 ‘Qua
573 2287 700 2368 nuptae
723 2280 856 2367 possint
878 2279 996 2345 fallere
1019 2279 1062 2344 ab
1085 2287 1158 2345 arte
1181 2279 1295 2345 viros’.

323 2389 377 2453 Pr.
398 2389 453 2453 Hl
478 2395 528 2471 11,
553 2396 595 2452 24
618 2391 751 2452 ‘currus
774 2437 780 2450 .
805 2437 812 2450 .
834 2393 929 2452 tacto
952 2387 1121 2472 stringere
1144 2385 1187 2451 ab
1211 2409 1273 2452 axe
1295 2386 1416 2452 latus’.

234 2496 285 2560 IV
301 2503 330 2578 9,
347 2503 388 2560 24
413 2495 539 2560 ‘Lucus
563 2493 605 2560 ab
628 2492 786 2559 umbroso
810 2491 938 2558 fecerat
961 2492 1041 2558 orbe
1060 2493 1200 2575 nemus',
1223 2493 1284 2558 ubi
1306 2500 1417 2582 poeta

234 2624 304 2666 non
325 2600 452 2666 maiore
469 2600 617 2684 licentia,
642 2621 743 2684 quarn
766 2621 813 2664 vs.
837 2599 933 2683 lua,
953 2606 993 2664 84
1018 2599 1123 2666 verba
1146 2599 1280 2683 struxit⁷
1304 2600 1415 2684 siqui-

236 2707 314 2776 dem
327 2705 533 2794 praepositio
549 2705 591 2770 ab
607 2705 704 2770 Italis
730 2711 764 2770 et
779 2705 932 2792 Hauptio
948 2712 1040 2771 recte
1055 2707 1205 2793 reposita
1228 2713 1287 2770 est.
1319 2706 1414 2772 Nam

236 2814 317 2901 quia
341 2813 472 2878 codices
501 2835 575 2877 eam
597 2835 668 2877 non
692 2811 847 2896 tradunt,
876 2811 935 2877 1111
963 2811 1057 2877 eliud
1079 2813 1302 2900 seripserunt,
1331 2834 1413 2876 curn

234 2922 363 3008 Haupt.
373 2920 457 2986 haec
466 2919 537 3006 legi
545 2918 705 2986 voluerit:
724 2917 848 3000 ι8111111,
866 2926 900 2984 11
915 2941 1031 3005 apura
1044 2919 1163 2986 limina
1178 2920 1286 3005 tergit
1302 2920 1411 3004 aqua’.

235 3029 290 3093 Pr.
314 3027 351 3092 H
375 3035 425 3110 27,
453 3033 490 3092 11
1334 3023 1336 3028 ’

350 3133 462 3199 ‘Solus
485 3155 601 3197 amans
625 3132 723 3197 novit
746 3132 883 3216 quando
899 3132 1071 3219 periturus
1095 3138 1130 3197 et
1153 3155 1173 3196 1
1188 3155 1255 3217 qua
1273 3131 1410 3200 Morte'.

235 3239 309 3306 Val
318 3240 430 3304 Flacc.
440 3239 509 3305 VH
520 3245 583 3304 484
602 3243 709 3310 ι1111..
725 3239 924 3304 morituram
939 3239 1045 3326 patris
1061 3237 1104 3304 ab
1114 3238 1166 3306 ira
1173 3238 1409 3306 Dissimulas?’

237 3347 298 3412 Ov.
323 3346 376 3410 rr.
400 3346 451 3410 IV
475 3354 508 3429 5,
533 3353 551 3410 3
576 3345 694 3410 ‘Cuius
718 3344 760 3409 ab
784 3344 951 3429 adloquiis
975 3345 1116 3410 anima.
1140 3395 1147 3409 .
1170 3345 1318 3410 revixit'.

323 3452 444 3518 Pr.IV
461 3459 489 3535 3,
506 3460 546 3518 99
572 3451 1406 3538 ι(111111111111111..11111111111111111’.Ι16,14

236 3557 420 3646 ‘Supplicis
451 3581 471 3622 1
497 3558 609 3644 longis
636 3557 769 3623 tristior
800 3556 976 3634 excubiis,
1010 3579 1077 3642 quo
1103 3559 1178 3624 loco
1205 3558 1347 3624 Hertzb.
1373 3565 1408 3624 et

235 3665 379 3731 Mueller
411 3664 641 3751 comparativo
674 3664 846 3747 commoti,
878 3664 1035 3730 voculam
1063 3665 1107 3729 ‘a’
1136 3665 1409 3731 interiectionem

235 3771 455 3858 interpretati
477 3778 566 3836 sunt.
602 3770 670 3837 Sed
693 3793 757 3857 ego
780 3777 920 3858 propter
943 3793 1016 3836 eam
1031 3771 1140 3859 ipsam
1157 3793 1291 3836 censam
1313 3795 1409 3860 prae·

235 3879 440 3968 positionem
461 3877 602 3964 agnosci
624 3877 748 3960 malim,
772 3877 933 3962 quoniam
954 3877 1038 3942 haec
1053 3877 1250 3944 testimonia
1272 3901 1408 3967 persua-

237 3984 328 4050 dent.
374 3986 428 4049 Pr.
452 3984 503 4050 IV
528 3991 560 4068 1,
587 3990 648 4049 126
683 3985 813 4048 ‘Murus
846 3981 888 4048 eb
920 3984 1060 4070 ingenio
1092 3984 1206 4052 notior
1237 3984 1294 4050 ille
1326 3985 1408 4054 tuo’.

237 4089 567 4174 01111111,
593 4095 631 4155 51
667 4090 802 4155 ‘Notior
830 4140 836 4153 .
861 4141 867 4153 .
895 4113 916 4156 1
947 4089 1100 4154 fulminis
1127 4090 1220 4158 iotu'.
1266 4092 1341 4176 12,
1366 4100 1408 4157 54

236 4247 450 4254 ——-.-—.---

328 4322 348 4390 1)
367 4319 533 4387 Heimreich,
552 4320 643 4390 Symb.
662 4319 732 4389 phil.
763 4319 851 4373 Bonn.
873 4318 949 4374 1867.
978 4338 1005 4389 p.
1020 4320 1080 4375 673.
