3164 5132
717 325 939 384 ..56-

242 498 359 564 manni
374 498 587 581 sententiam,
609 497 753 562 Latinos
776 519 944 582 nusquam
959 495 1084 560 dixisse
1100 493 1421 580 ι1111111111111Ρ,

243 604 445 671 refutabunt
466 605 551 670 haec
573 603 777 670 testimonia.
824 604 884 669 Ov.
908 603 962 667 Tr.
986 602 1039 667 ΠΙ
1064 608 1092 686 8,
1116 608 1156 667 41

349 711 406 777 ‘At
430 711 591 797 quoniam
614 710 717 776 semel
740 716 792 775 est
815 709 893 776 odic
917 709 1067 775 civiliter
1088 731 1178 792 usus,

347 819 482 884 Mutato
504 817 614 883 levior
637 817 681 881 sit
704 815 789 904 fuga
811 823 928 881 nostra
950 815 1046 881 loco’.
1092 815 1174 880 Her.
1197 815 1271 880 XII
1296 821 1336 882 13

348 924 435 990 ‘Aut
457 925 559 990 semel
581 925 620 989 11
643 930 776 988 1111111
800 922 961 1008 quoniam
983 944 1075 988 nova
1096 921 1220 1010 puppis
1243 921 1388 987 harenas

347 1032 528 1097 Venerat.
552 1081 559 1094 .
582 1029 669 1095 Isset
692 1080 699 1093 .
723 1080 730 1093 .
754 1029 791 1093 in
814 1028 934 1116 ignes’.
1171 1073 1172 1076 κ

331 1144 359 1202 8.
396 1138 450 1203 De
473 1137 627 1203 versibus
651 1137 669 1201 Ι
693 1143 748 1220 21,
775 1144 792 1201 5
819 1143 901 1222 etqs.
930 1157 1135 1221 quamquam
1161 1135 1270 1200 multa
1297 1134 1419 1222 dispu-

240 1252 313 1310 tata
341 1252 434 1330 sunt,
462 1252 591 1327 tamen,
620 1243 815 1329 quicunque
843 1265 959 1308 eorum
982 1249 1223 1328 argumentum
1247 1240 1418 1328 dispicere

240 1351 364 1436 studet,
388 1350 591 1439 desperabit.
629 1349 750 1415 Lectio
774 1348 1102 1432 111111111111111

347 1458 417 1524 ‘Sic
440 1466 475 1523 te
499 1463 633 1523 servato
656 1464 697 1521 ut
719 1457 851 1544 possint
874 1455 1023 1542 gaudere
1046 1462 1214 1543 parentes,

346 1564 419 1629 Nec
442 1568 511 1648 (11)
540 1586 633 1629 11111
657 1570 733 1628 1111
755 1563 824 1627 tuis
848 1564 975 1628 sentiat
998 1585 1016 1626 e
1038 1561 1200 1627 lacrimis:

348 1671 486 1737 Gallum
508 1693 570 1759 per
591 1670 720 1736 medios
749 1678 903 1758 ereptum
927 1670 1080 1734 Caesaris
1104 1692 1199 1734 enses

344 1777 508 1864 Effugere
532 1777 668 1864 ignotas
691 1799 762 1843 non
784 1776 934 1865 potuisse
957 1799 1086 1859 manus,

345 1886 393 1951 Et
408 1907 642 1974 quaecumque
658 1936 664 1950 .
680 1935 686 1948 .
703 1884 877 1950 invenerit
892 1907 967 1950 ossa
982 1935 989 1948 .
1006 1935 1012 1948 .
1028 1882 1112 1948 haec
1128 1883 1212 1948 sciat
1229 1905 1300 1947 esse
1315 1882 1415 1948 mea’.

329 1992 422 2070 Quae
451 1991 567 2075 verba,
596 1991 625 2056 si
648 1991 750 2056 ‘acta’
774 2014 847 2057 non
874 1991 918 2055 ad
945 1990 1123 2056 morientis
1150 1989 1325 2073 mandata,
1353 1989 1415 2054 sed

238 2118 291 2163 res
313 2098 404 2164 bello
428 2106 541 2184 gestas
569 2097 794 2182 referrentur,
823 2097 1059 2164 condicionem
1087 2105 1127 2162 ut
1154 2096 1312 2182 intellegi
1335 2118 1415 2183 pos-

238 2213 322 2290 sent,
345 2204 505 2270 habitura
521 2227 592 2270 esse
607 2203 849 2269 Lachmannus
872 2204 1016 2270 monuit.
1050 2204 1116 2269 Oui
1131 2203 1270 2288 quidem
1294 2202 1337 2268 de
1352 2226 1415 2269 no-

237 2309 333 2377 tione
361 2313 462 2377 ‘acta’
491 2311 664 2377 assentior.
714 2311 764 2376 At
792 2312 911 2396 sorori,
945 2334 1031 2397 quae
1063 2310 1260 2378 horribilem
1292 2311 1413 2376 militis

239 2419 465 2485 calamitatem
489 2417 685 2506 comperiet,
708 2441 823 2483 nonne
850 2419 926 2483 illas
950 2440 1084 2504 quoque
1107 2441 1160 2483 res
1184 2418 1275 2483 bello
1298 2425 1414 2504 gestas

237 2524 355 2589 audire
378 2524 479 2590 licet?
510 2525 589 2589 Huc
607 2524 753 2609 accedit,
776 2532 824 2608 ut,
848 2532 964 2590 vetere
980 2525 1149 2614 scriptura
1165 2525 1250 2590 ‘neo‘
1267 2527 1414 2610 retenta,

236 2631 380 2696 verbum
406 2630 630 2696 renuntiandi
653 2630 749 2716 quasi
777 2630 1026 2697 desideraretur
1048 2654 1159 2717 neque
1182 2631 1248 2697 tibi
1274 2655 1413 2719 persua-

238 2759 312 2801 sum
336 2744 436 2821 esset,
464 2737 682 2824 Propertium
704 2738 907 2826 particulam
931 2739 1004 2803 ‘sic’
1030 2761 1108 2805 cum
1131 2738 1334 2826 imperativo
1357 2737 1412 2804 fu-

236 2843 309 2908 turi
334 2843 557 2909 coniunxisse.
585 2844 707 2930 Itaque
731 2868 808 2910 cum
823 2845 1012 2911 Passeratio
1028 2843 1291 2931 Baehrente'que
1311 2867 1412 2912 vocu-

236 2951 304 3016 lam
328 2951 392 3015 ‘ut’
417 2950 512 3015 deleo
536 2959 639 3036 atque
662 2950 823 3017 Beroaldi
847 2953 1076 3018 coniecturam
1100 2952 1207 3018 ‘haec'
1232 2975 1293 3041 pro
1318 2953 1410 3018 ‘nec'

236 3057 388 3123 restituo.
434 3057 525 3122 Illud
549 3057 701 3144 adiungo
723 3081 823 3125 voces
840 3059 936 3124 ‘haec
959 3059 1047 3124 acta’
1072 3059 1143 3124 eius
1167 3060 1325 3143 animum,
1350 3061 1410 3145 qui

236 3163 334 3228 audit
357 3162 429 3228 sive
452 3163 552 3249 legit,
580 3163 624 3228 ad
647 3165 824 3250 sequentia
851 3165 1036 3230 attendere.
1084 3166 1177 3243 Quae
1202 3189 1273 3231 esse
1295 3167 1411 3232 tristia

239 3291 333 3334 soror
356 3291 374 3333 e
397 3269 512 3334 nuntii
529 3269 677 3335 lacrimis
700 3271 826 3337 sentire
849 3278 971 3359 potest.
1017 3273 1145 3338 Verum
1168 3274 1248 3358 quia
1271 3273 1319 3338 eis
1342 3274 1410 3338 sin-

237 3375 355 3462 gulare
379 3375 533 3441 mandati
556 3384 795 3463 argumentum
818 3378 878 3444 vix
901 3379 1115 3466 comperitur,
1137 3379 1282 3447 verbum
1297 3380 1409 3446 ‘sciat'

236 3483 273 3546 in
288 3482 474 3570 posteriore
491 3484 681 3549 sententiae
696 3484 847 3552 membro
865 3486 1065 3552 collocatum
1081 3487 1124 3552 ad
1139 3487 1286 3575 priorem
1303 3510 1410 3553 enun-

238 3589 317 3655 tiati
340 3595 473 3676 partem
495 3591 649 3655 revocari
670 3591 857 3658 maluerim.
903 3594 956 3658 De
983 3592 1048 3658 hac
1070 3601 1248 3681 poetarum
1271 3594 1410 3659 licentia

237 3694 318 3779 (ἀπὸ
342 3695 462 3778 κοινοῦ)
486 3695 560 3760 dixi
582 3721 613 3785 p.
632 3704 671 3763 51
698 3705 733 3763 et
757 3707 807 3764 52.

325 3802 398 3868 Iam
426 3803 463 3866 in
487 3825 526 3869 eo
551 3810 615 3888 est,
643 3811 683 3870 ut
707 3827 797 3870 meas
822 3805 864 3872 de
887 3807 1066 3894 Propertio
1091 3808 1305 3893 quaestiones
1330 3830 1408 3874 con·

237 3910 379 3976 cludam.
425 3910 468 3974 In
491 3933 539 3975 vs.
563 3910 614 3976 IV
637 3920 667 3995 4,
692 3920 733 3978 55
756 3913 858 3979 lectio
883 3913 1008 3979 codicis
1031 3915 1135 4002 Neap.

343 4015 421 4099 ‘Sia
445 4015 575 4105 hospes,
599 4019 773 4106 pariamne
796 4030 857 4085 tua
879 4021 1000 4107 regina
1023 4019 1086 4086 sub
1109 4022 1208 4091 aula’.

236 4146 275 4189 ea
298 4123 341 4187 de
365 4144 465 4187 causa
493 4145 553 4189 suo
580 4125 654 4190 loco
682 4133 812 4192 remota
845 4135 908 4211 est,
943 4127 1023 4213 quia
1045 4127 1183 4194 Lachm.
1206 4127 1408 4215 particulam

237 4230 304 4295 ‘ne’
329 4252 466 4294 sensum
489 4239 642 4297 evertere
665 4255 776 4317 neque
799 4255 918 4299 vocem
942 4233 1087 4320 ‘hospes’
1112 4232 1155 4298 ad
1174 4232 1311 4299 Tatium
1333 4256 1408 4321 per·

235 4338 347 4402 tinere
380 4334 618 4403 affirmaverat.
666 4338 733 4415 Qui
765 4362 841 4404 curn
875 4340 1059 4405 correxerit
1092 4339 1142 4405 ‘Si
1171 4341 1319 4405 coniunx
1350 4363 1409 4429 pa-
