3164 5132
651 353 873 413 ..11-

175 521 289 588 ‘Peior
320 522 364 588 ab
396 523 576 589 admonitu
607 524 648 590 fit
680 526 811 590 status’.
868 525 922 590 Tr.
950 525 987 590 H
1010 534 1073 592 255
1113 525 1274 591 ‘carmine
1306 526 1350 592 ab

174 629 267 694 omni
291 681 297 693 .
322 681 328 694 .
352 630 507 696 doctior'.
553 631 589 696 H
614 638 654 696 28
679 632 773 697 ‘Fiat
796 631 840 697 ab
862 632 1002 719 ingenio
1024 633 1159 699 mollior
1180 634 1253 699 ira'.

263 735 423 822 Denique
446 737 590 804 causalis
613 738 709 804 notio
731 738 909 804 invenitur
931 762 979 806 vs.
1001 739 1054 806 HI
1078 747 1128 823 25,
1154 747 1173 805 6

287 842 441 930 ‘Semper
463 844 506 910 ab
529 844 672 929 insidiis,
696 845 858 933 Cynthia,
880 845 962 912 flere
985 847 1092 912 soles’.

173 947 195 1012 i.
212 971 239 1013 e.
263 971 322 1014 aus
337 950 544 1017 Falschheit.
576 952 681 1018 Nulla
702 953 905 1020 necessitate
928 961 1072 1040 cogente
1095 952 1269 1019 Baehrens
1292 950 1351 1017 ‘ad

173 1054 327 1121 insidias’
352 1058 495 1144 scripsit
629 1059 632 1067 ⁴

264 1167 295 1247 c)
323 1164 377 1228 Il]
403 1170 429 1249 1,
455 1174 496 1231 24
531 1164 654 1230 ‘Maius
682 1166 724 1232 ab
753 1167 903 1251 exequiis
930 1189 1056 1232 nomen
1083 1167 1122 1232 in
1149 1189 1208 1233 ora
1230 1166 1348 1232 venit'.

174 1270 194 1332 i.
206 1293 232 1334 e.
249 1291 319 1335 von
333 1311 377 1319 —
393 1272 461 1355 her,
477 1271 573 1339 nach.
607 1273 667 1339 Ov.
684 1272 739 1338 Tr.
753 1273 802 1340 IV
820 1279 870 1357 10,
890 1281 952 1340 122
976 1274 1122 1340 ‘Nomen
1138 1273 1181 1340 ab
1197 1273 1351 1359 exequiis

176 1376 268 1460 quod
291 1376 372 1442 dare
395 1376 487 1443 fama
508 1379 616 1444 solet'.
662 1379 717 1443 Ex
740 1381 776 1444 P.
799 1379 852 1446 HI
876 1388 904 1464 4,
930 1388 970 1446 73
999 1380 1147 1468 ‘Scripta
1169 1381 1307 1468 placent
1329 1402 1352 1446 a

175 1484 305 1549 morte'.
351 1485 405 1548 Pr.
429 1484 478 1550 IV
502 1493 534 1569 4,
559 1493 577 1550 5
612 1491 691 1570 ‘quo
721 1485 830 1550 dulcis
857 1485 901 1551 ab
928 1494 1025 1552 aestu
1047 1487 1183 1553 Fistula
1208 1493 1350 1574 poturas

175 1589 226 1654 ire
257 1589 399 1657 iubebat
426 1593 527 1658 oves’.
574 1593 634 1659 Ov.
657 1594 738 1659 Met.
762 1594 849 1660 XIV
873 1601 935 1659 352
970 1595 1032 1662 ‘Ut
1058 1594 1206 1681 primum
1232 1593 1350 1660 valido

174 1705 326 1764 mentem
349 1699 488 1786 collegit
511 1698 554 1764 ab
577 1701 695 1766 aestu’.
730 1699 779 1766 VI
797 1707 837 1765 63
862 1700 994 1778 ‘Qualis
1017 1699 1059 1766 ab
1082 1700 1192 1766 imbre
1215 1701 1349 1766 solet..

175 1825 272 1868 arcus
294 1804 436 1871 Infioere
459 1856 465 1870 .
490 1857 496 1869 .
521 1807 673 1872 oaelum’.
711 1807 761 1872 IV
785 1813 848 1872 329
873 1806 929 1872 ‘ab
952 1807 1004 1873 1116
1028 1809 1158 1873 tacuit’.
1197 1807 1266 1873 XII
1284 1815 1349 1873 578

175 1909 216 1974 ‘A
240 1931 394 1976 sermone
417 1913 505 1977 senis
529 1963 535 1977 .
560 1965 567 1976 .
591 1913 797 1979 Surrcxere'.

264 2017 301 2101 d)
332 2018 437 2105 Apud
460 2020 559 2106 Prop.
582 2019 598 2084 I
624 2027 673 2104 13,
698 2029 739 2085 24

287 2126 371 2190 ‘Neo
395 2125 443 2214 sio
466 2125 645 2191 caelestem
667 2125 816 2212 flagrans
840 2149 934 2193 amor
957 2127 1116 2192 Herculis
1139 2126 1261 2193 Heben

286 2232 401 2298 Sensit
424 2231 467 2297 ab
491 2232 601 2316 (codd.
624 2233 675 2316 in)
699 2234 834 2299 Oetaeis
858 2234 983 2320 gaudia
1006 2234 1116 2321 prima
1137 2235 1249 2320 iugis’.

173 2339 347 2427 Hauptius
371 2347 406 2404 et
420 2339 565 2405 Mueller
585 2341 790 2406 sententiam
813 2340 995 2406 Schraderi
1018 2341 1126 2406 secuti
1149 2363 1210 2429 pro
1231 2341 1348 2428 ‘iugis'

172 2452 375 2533 receperunt
399 2447 525 2533 ‘rogis’,
550 2469 650 2531 quarn
674 2447 945 2513 emendationem
961 2447 1004 2513 ab
1028 2448 1077 2532 iis,
1102 2448 1162 2532 qui
1178 2448 1349 2534 corrigere

173 2553 352 2618 studerent
379 2559 514 2641 poetam
537 2553 662 2641 ipsum,
690 2554 869 2641 probatam
897 2577 968 2621 esse
990 2553 1129 2619 Lachm.
1154 2553 1250 2620 dixit.
1295 2554 1350 2619 Ne

173 2683 228 2725 me
251 2660 390 2746 quidem
413 2660 482 2726 illis
506 2661 634 2726 criticis
658 2661 815 2727 assentiri
843 2662 1029 2747 quidquam
1054 2662 1159 2747 cogit,
1188 2661 1349 2747 quoniam

173 2767 332 2831 Herculis
364 2767 495 2832 6111111116
524 2768 629 2832 06166
660 2768 743 2854 iuga
773 2767 939 2853 relinquit
967 2768 1086 2834 eodem
1113 2768 1214 2834 modo
1244 2775 1349 2854 atque

175 2872 323 2938 dictator
349 2879 500 2938 aratrum
528 2895 579 2961 ap.
604 2874 664 2940 Ov.
687 2874 780 2938 Fast.
808 2874 863 2939 ΙΠ
888 2880 948 2940 781
989 2875 1048 2940 ‘Iit
1077 2883 1213 2963 caperet
1240 2874 1349 2941 fasces

175 3001 194 3043 6
217 3001 322 3045 curvo
346 2980 463 3045 consul
486 2980 620 3045 aratro'.
653 2980 1348 3069 11611116661111161661116661611116116611-

174 3086 320 3150 tentiam
342 3085 395 3150 1116
418 3085 722 3152 161111611616666111
746 3087 849 3174 ‘iugis
872 3087 1001 3153 relictis
1026 3088 1069 3151 H
1086 3087 1213 3173 gaudia
1235 3087 1349 3174 prima

179 3193 308 3257 sensit'.
355 3193 537 3258 Praeterea
559 3214 730 3281 compares
753 3194 857 3260 1611111
880 3195 946 3259 6116
968 3194 1165 3260 testimonia
1187 3217 1218 3280 p.
1237 3202 1287 3259 39.

262 3298 462 3364 Lectionem
485 3300 547 3364 ‘in'
576 3300 740 3366 traditam
763 3301 917 3388 Scaliger
943 3301 1066 3366 vocula
1091 3299 1159 3365 ‘ab’
1188 3322 1349 3388 prospere

175 3405 399 3470 commutavit
429 3429 540 3491 neque
567 3406 707 3472 Hertzb.
736 3408 857 3473 ceteris
887 3407 1075 3473 editoribus
1099 3407 1284 3473 Herculem
1310 3409 1349 3472 in

175 3512 261 3578 Oeta
287 3511 361 3598 ipsa
383 3511 507 3578 Heben
533 3513 572 3577 in
597 3513 852 3579 matrimonium
877 3514 1044 3597 duxisse²)
1072 3515 1249 3601 persuasit.
1295 3515 1347 3580 Ne

174 3617 407 3706 Rossbergii1)
440 3619 635 3684 coniectura
663 3621 713 3685 ‘in
746 3621 912 3687 aethereis
939 3621 1044 3708 iugis'
1072 3619 1259 3708 probabilis
1287 3628 1348 3687 est.

175 3725 262 3790 Nam
285 3733 522 3812 praeterquam
546 3727 636 3811 quod
659 3728 831 3793 sententia
854 3727 938 3793 duas
961 3750 1060 3794 voces
1084 3728 1288 3794 ‘caelestem’
1312 3735 1348 3793 et

175 3832 366 3899 ‘aethereis’
394 3833 454 3900 vix
485 3833 629 3920 patitur,
662 3842 764 3922 poeta
794 3834 832 3900 id
865 3835 974 3920 egisse
1006 3834 1091 3898 mihi
1119 3835 1270 3917 videtur,
1302 3857 1349 3900 116

174 3938 439 4004 illustrissimum
467 3939 553 4004 illud
580 3941 769 4027 praemium
791 3962 812 4005 a
833 3941 967 4027 magnis
989 3941 1148 4006 Herculis
1173 3940 1348 4008 laboribus

175 4052 353 4133 separaret.

265 4295 285 4362 ¹)
307 4291 457 4363 bamberg,
485 4292 632 4349 Lucubrat.
660 4295 704 4352 Pr.
726 4295 802 4350 1877.
840 4293 916 4352 Stad.
935 4295 1032 4365 Progr.
1059 4297 1132 4363 119.
1169 4296 1211 4351 lbi
1235 4300 1349 4352 exstant

174 4380 335 4436 testimonia
352 4380 387 4436 de
405 4379 531 4437 Herculis
550 4384 686 4439 connubio
705 4401 812 4454 116666
