3164 5132
663 350 885 409 -.33-

676 593 798 696 eaput
824 597 870 676 Π.

489 785 562 884 Be
594 785 1059 907 praepositionibus.

272 999 475 1085 Priusquam
499 1007 644 1066 tractem
668 1023 718 1085 ea,
743 1023 830 1086 quae
853 1001 890 1066 in
912 1001 1203 1091 praepositionum
1226 1003 1355 1090 signifi·

183 1105 317 1172 catione
341 1107 541 1194 exponenda
555 1113 744 1174 memoratu
768 1107 874 1194 digna
893 1107 978 1173 mihi
993 1107 1165 1194 videntur,
1189 1110 1355 1195 quaedam

186 1213 229 1278 de
252 1234 365 1278 earum
388 1213 610 1279 collocatione
632 1213 859 1301 praemittam.

270 1319 387 1405 Atque
414 1321 562 1408 primum
590 1320 655 1385 etsi
681 1342 750 1386 non
777 1342 890 1386 meum
924 1327 975 1386 est
1001 1321 1044 1386 de
1075 1322 1226 1387 metricis
1254 1321 1354 1388 rebus

184 1428 290 1514 loqui,
323 1435 452 1512 tamen,
490 1429 570 1513 quia
600 1450 711 1512 neque
740 1427 885 1493 Mueller
915 1450 1027 1514 noque
1059 1429 1118 1494 alii
1147 1430 1356 1495 mentionem

180 1532 340 1600 fecerunt
363 1533 463 1600 huius
488 1534 546 1618 rei,
569 1533 654 1600 mihi
677 1532 901 1600 adscribenda
921 1542 1003 1600 sunt
1023 1535 1090 1600 tria
1110 1536 1271 1624 exempla,
1295 1535 1356 1601 ubi

180 1640 389 1729 praepositio
431 1663 568 1707 caesura
604 1641 661 1706 vel
699 1640 843 1706 diaeresi
884 1663 903 1706 a
941 1664 1001 1706 suo
1039 1641 1144 1707 verbo
1183 1642 1353 1709 disiuncta

181 1754 333 1834 apparet.
378 1748 477 1834 Prop.
501 1747 552 1812 IV
577 1754 604 1831 8,
627 1755 668 1813 35

296 1853 407 1920 ‘Unus
431 1861 504 1919 erat
526 1853 636 1919 tribus
660 1854 697 1919 in
720 1861 849 1919 secreta
872 1855 1018 1920 lectulus
1041 1853 1164 1922 herba'.
1211 1855 1246 1921 H
1266 1863 1353 1940 30,ss

295 1960 355 2025 ‘Et
377 1961 493 2048 gravis
517 1961 590 2048 ipse
612 1983 714 2047 super
736 1959 843 2025 libera
867 1961 952 2025 oolla
976 1960 1093 2026 sedet’.
1139 1962 1191 2026 IV
1216 1968 1243 2044 6,
1269 1969 1309 2027 62

295 2067 511 2133 ‘Plausenmt
534 2067 624 2132 eires
645 2067 753 2132 libera
776 2067 875 2154 signa
898 2067 1004 2132 deae'.

185 2171 252 2237 cfr.
281 2174 379 2239 Ovid.
402 2174 477 2239 Art.
502 2197 563 2240 am.
587 2174 642 2238 HI
672 2181 734 2239 274
768 2173 871 2238 ‘eirea
903 2172 1029 2239 fascia’.
1075 2173 1130 2237 III
1153 2180 1217 2239 418
1251 2175 1355 2240 ‘ultra

184 2278 321 2344 limina’.
368 2280 440 2345 Cat.
465 2287 515 2364 87,
541 2287 559 2346 4
585 2284 640 2345 ‘ex
662 2280 772 2368 parte'
800 2286 870 2364 111,
896 2288 914 2345 2
940 2283 972 2344 ‘e
994 2279 1176 2345 laudibus’.

270 2387 413 2475 Saepius
437 2388 576 2473 quidem
590 2394 711 2475 poetae
727 2394 969 2475 separavenmt
989 2387 1027 2452 in
1042 2409 1159 2452 versus
1175 2387 1244 2452 fine
1258 2410 1354 2475 prae·

179 2493 385 2579 positionem
409 2493 533 2560 ‘inter’.
580 2495 679 2582 Prop.
702 2494 753 2560 IV
778 2502 805 2578 2,
831 2501 849 2558 3
874 2493 977 2558 ‘inter
1000 2493 1155 2558 Proelia'.

272 2601 377 2666 Porro
400 2601 562 2686 versibus,
586 2600 647 2665 ubi
669 2600 876 2689 praepositio
900 2623 920 2664 a
935 2599 1150 2666 substantivo
1166 2599 1355 2666 secernitur

182 2709 344 2790 genetivo
367 2710 423 2774 vel
445 2709 624 2792 adieetiva
647 2707 893 2796 praetermissis
916 2707 977 2771 hos
1001 2706 1141 2772 afferam
1162 2707 1268 2772 locos:

294 2817 392 2904 Prop.
416 2817 471 2882 ΙΠ
494 2822 581 2899 4,18
607 2815 667 2880 ‘Et
690 2814 808 2879 subter
832 2820 949 2901 captos
972 2835 1065 2878 arma
1089 2813 1205 2880 sedere
1229 2813 1353 2879 duees’.

182 2927 283 3012 (Nam
314 2925 395 2992 vide
426 2924 486 2989 Ov.
510 2923 566 2987 Ex
588 2923 624 2986 P.
656 2921 711 2985 HI
735 2930 767 3004 4,
794 2928 856 2987 104
897 2919 1079 3005 ‘Stentque
1111 2944 1213 3008 super
1244 2921 1353 2986 victos

182 3041 305 3099 trunca
327 3040 467 3118 tropaea
489 3029 615 3112 viros'.)
669 3030 768 3116 Prop.
793 3027 846 3092 III
873 3034 899 3111 7,
925 3034 964 3091 57

294 3139 353 3204 ‘Di
374 3138 476 3203 maris
499 3137 630 3223 Aegaei
653 3157 737 3221 quos
760 3142 840 3200 sunt
863 3155 967 3222 penes
991 3133 1158 3218 aequora'.
1200 3133 1236 3200 Π
1261 3141 1289 3217 6,
1312 3141 1353 3199 38

294 3246 401 3322 ‘Quae
424 3266 599 3328 nunquam
621 3265 723 3330 supra
745 3265 805 3329 pes
827 3240 986 3306 inimious
1009 3239 1086 3304 eat'.
1137 3240 1189 3304 IV
1212 3246 1240 3322 8,
1267 3247 1306 3306 31
1354 3237 1356 3242 ’

294 3351 422 3416 ‘Altera
444 3350 605 3437 Tarpeios
628 3357 680 3414 est
702 3349 794 3413 inter
816 3348 898 3412 Teia
920 3346 1036 3412 lucos’.
1044 3347 1069 3429 1)

270 3458 482 3547 Praepositio
506 3481 525 3522 a
549 3479 609 3522 suo
632 3455 738 3521 verbo
754 3455 803 3520 ita
826 3461 981 3542 separata
1005 3460 1064 3538 est,
1088 3460 1128 3518 ut
1144 3453 1354 3520 adieetivum

181 3589 319 3632 caesura
334 3566 391 3633 vel
406 3565 550 3630 diaeresi
565 3585 585 3630 a
599 3563 768 3651 particula
783 3562 975 3627 seiunctum
989 3560 1185 3647 praecedat:
1200 3561 1236 3625 H
1249 3568 1300 3644 34,
1312 3567 1352 3625 57

293 3673 355 3740 ‘Ut
377 3695 494 3760 regem
517 3671 640 3736 mixtas
663 3671 755 3735 inter
779 3668 925 3734 conviva
948 3667 1101 3754 puellas'.
1134 3667 1236 3751 1112,
1259 3674 1309 3734 10.
1385 3728 1387 3733 .

294 3779 378 3844 ‘Nee
401 3801 532 3844 camera
560 3783 694 3843 auratas
717 3776 808 3842 inter
832 3774 960 3840 eburna
983 3773 1120 3839 trabes’.
1175 3774 1211 3838 Π
1236 3780 1285 3856 10,
1311 3781 1353 3838 22

294 3887 453 3952 ‘Ponitur
475 3884 532 3949 hie
554 3885 638 3949 imos
662 3889 743 3948 ante
767 3905 890 3948 corona
912 3881 1038 3968 pedes).
1084 3881 1139 3945 ΙΠ
1164 3889 1192 3958 7,
1218 3884 1268 3947 10.

270 3994 479 4078 Neutiquam
502 3998 615 4056 autem
639 3990 795 4073 arbitror,
819 3988 1037 4076 Propertium
1060 3994 1129 4052 tam
1153 3986 1273 4073 procul
1295 3984 1354 4050 ab·

182 4123 253 4166 esse
275 4099 560 4188 praepositionem
582 4097 729 4162 voluisse
752 4119 800 4161 vs.
824 4095 843 4159 I
867 4100 917 4180 21,
944 4102 1000 4160 10:

180 4229 394 4238 —-————-—-

270 4278 291 4346 ¹)
310 4275 436 4330 Aliorum
454 4278 599 4345 poetarum
618 4273 743 4343 exempla
761 4270 886 4327 invenies
912 4290 957 4343 ap.
976 4269 1087 4337 Neuen,
1111 4269 1307 4324 Formenlehre
1326 4267 1352 4322 d.

180 4363 229 4423 let.
248 4365 308 4435 Spr.
327 4364 353 4416 Π
370 4382 397 4434 p.
418 4365 479 4418 794.
1122 4441 1140 4496 3
