3164 5132
667 333 887 391 -53-

302 502 573 590 Virgineumque
597 525 680 568 cavo
703 504 855 591 protegit
878 525 954 570 aere
978 503 1111 592 caput,¹

303 609 420 688 Qualis
443 608 693 675 Amazonidum
716 660 723 674 .
744 661 750 673 .
773 609 897 675 bellica
919 661 950 674 ..
974 609 1076 675 turba
1098 610 1234 675 lavatur
1257 609 1363 694 aquis,

302 717 350 782 Et
365 715 466 783 modo
482 715 653 804 Taygeti.
669 767 676 780 .
700 715 860 782 Sectatur
874 717 1002 804 patrios
1018 739 1078 804 per
1093 716 1174 803 iuga
1189 767 1196 780 .
1213 767 1220 780 .
1237 738 1336 782 canes
1342 717 1358 780 ².

188 824 262 908 ubi,
296 845 380 890 voce
413 822 539 889 ‘modo’
572 823 612 887 in
643 823 822 888 sententiis
855 823 1002 911 ‘tityrum
1033 822 1159 910 pulsat’
1193 830 1228 888 et
1260 823 1362 888 ‘latus

189 930 348 998 revincit’
390 930 564 1018 suppleta,
603 930 819 995 enuntiatum
863 929 980 1008 Qualis
1018 951 1108 1014 sqq.,
1150 951 1229 994 oum
1266 951 1362 1016 prae-

188 1037 306 1104 sertim
328 1045 469 1124 propter
495 1036 640 1102 verbum
667 1035 826 1101 ‘lavatur’
854 1034 1088 1124 praecedentis
1116 1058 1233 1101 versus
1261 1058 1362 1122 argu-

188 1151 341 1210 mentum
369 1143 526 1209 omnibus
553 1143 708 1230 partibus
735 1164 808 1208 non
834 1142 996 1228 illustret,
1027 1141 1223 1230 parenthesi
1252 1141 1362 1207 inelu-

188 1249 339 1316 dendum
362 1258 422 1316 est.

280 1357 355 1435 Qua
377 1379 420 1422 ex
443 1356 643 1442 quaestione
666 1357 750 1442 quid
774 1355 900 1423 ‘modo’
924 1357 1092 1445 particula
1120 1357 1223 1423 semel
1249 1357 1362 1445 posita

189 1464 255 1529 sibi
277 1464 376 1548 velit,
409 1463 610 1550 cognoveris
633 1487 744 1550 neque
768 1464 960 1529 assentieris
983 1464 1171 1548 Kuttner0,
1200 1463 1260 1549 qui
1287 1487 1362 1530 eam

188 1570 231 1637 ad
255 1570 461 1659 explendum
477 1592 614 1636 versum
637 1594 657 1636 a
679 1578 781 1658 poeta
804 1569 994 1636 adhibitam
1016 1593 1087 1636 esse
1111 1571 1329 1638 existimavit.

277 1677 558 1743 Vicissitudinem
573 1677 819 1765 particularum
835 1678 895 1744 ‘Et
910 1677 1010 1744 modo
1026 1717 1069 1727 -
1085 1677 1186 1744 modo
1204 1717 1244 1727 -
1261 1677 1360 1744 nunc’

188 1785 342 1872 Draeger
365 1785 607 1873 praetermisit:
631 1786 720 1850 Pr.I
745 1793 772 1870 3,
797 1793 847 1852 21.
887 1786 1201 1852 Ov.Met.V1663.
1234 1785 1271 1850 X
1289 1791 1360 1850 187.

187 1891 267 1957 Alia
290 1890 530 1958 adverbiorum
552 1891 721 1958 varietate
743 1892 878 1979 insigne
902 1900 953 1957 est
976 1893 1194 1958 enuntiatum
1217 1892 1235 1956 I
1259 1899 1294 1976 3,
1319 1897 1359 1956 41

188 1999 302 2064 ‘modo
318 2037 360 2047 -
377 2020 493 2064 rursus
509 2006 544 2065 et
563 2037 603 2046 -
619 1998 814 2081 interdum',
835 1998 926 2084 quod
942 1999 1096 2085 Draeger
1112 2001 1233 2064 omissa
1249 1998 1362 2063 ‘inter-

189 2105 282 2171 dum’
306 2127 390 2171 voce
413 2128 483 2172 non
506 2113 664 2171 accurate
687 2104 850 2172 laudavit.

277 2212 388 2296 Idem,
416 2213 497 2298 quia
519 2211 677 2277 Handius
700 2234 769 2278 non
794 2212 958 2278 attulerat
981 2213 1146 2300 exempla,
1175 2219 1362 2277 commotus

190 2342 261 2384 esse
292 2319 378 2384 mihi
409 2318 560 2404 videtur,
592 2326 632 2384 ut
659 2319 936 2385 consecutionem
964 2320 1076 2385 ‘modo
1100 2359 1143 2368 -
1171 2317 1360 2384 interdum’

187 2426 317 2491 nemini
348 2426 417 2491 nisi
449 2426 611 2492 Sallustio
643 2427 855 2512 Horatioque
888 2426 1096 2493 concederet.
1146 2424 1195 2490 At
1227 2432 1362 2513 praeter

66 2604 70 2616 ,
186 2533 263 2598 illos
287 2533 469 2621 scriptores
492 2533 556 2598 h'ac
578 2531 725 2599 formula
748 2541 783 2599 et
798 2535 898 2621 Prop.
920 2556 1001 2600 usus
1021 2540 1074 2600 est
1095 2533 1132 2599 Π
1150 2541 1199 2616 15,
1217 2541 1235 2598 5
1260 2531 1362 2596 ‘Nam

188 2640 289 2707 modo
313 2691 344 2706 ..
367 2663 501 2706 meeum
528 2648 580 2706 est
604 2641 734 2706 luctata
757 2691 795 2704 ..
841 2641 1051 2706 Interdum.
1076 2692 1082 2705 .
1107 2641 1237 2707 duxit.
1261 2660 1362 2704 ,1116-

187 2747 271 2812 ram'
300 2749 335 2812 et
355 2746 453 2813 Ovid.
469 2748 550 2813 Met.
574 2748 610 2812 H
633 2755 695 2814 189
725 2749 786 2814 ‘Et
809 2747 909 2814 modo
1022 2749 1192 2836 Prospicit
1215 2769 1361 2830 occasus,

187 2854 360 2920 interdum
392 2855 532 2943 respicit
564 2855 680 2920 ortus’.
726 2855 798 2920 Has
828 2856 967 2920 voculas
999 2855 1090 2920 idem
1122 2861 1224 2942 poeta
1254 2853 1361 2920 vertit

187 2961 242 3025 Tr.
265 2961 302 3025 H
326 2968 398 3027 269.

278 3076 305 3133 5.
343 3068 562 3154 Elegantiam
586 3068 749 3134 orationis
773 3068 939 3155 poeticae,
967 3089 1054 3154 quae
1081 3067 1282 3133 observatur
1312 3089 1360 3133 vs.

188 3175 365 3258 1125,16

300 3282 437 3346 ‘teritur
455 3281 616 3368 rubigine
639 3304 755 3348 mucro
770 3283 916 3347 Ferreus
941 3289 976 3346 et
991 3303 1098 3369 parvo
1114 3303 1213 3369 saepe
1228 3280 1361 3366 liquore

644 3446 647 3450 .
1041 3387 1147 3452 silex'.

276 3495 431 3560 Kuttner
447 3497 491 3582 (p.
509 3500 563 3579 60)
581 3496 745 3582 cognovit
761 3496 909 3581 quidem,
932 3495 992 3560 sed
1007 3495 1176 3561 rationem
1192 3517 1361 3582 exponere
1457 3528 1459 3533 ·

187 3623 256 3667 non
280 3601 421 3667 studuit.
468 3602 647 3668 Simillime
671 3609 785 3668 autem
808 3609 924 3669 noster
946 3603 1080 3668 locutus
1104 3605 1156 3668 est
1178 3602 1196 3666 I
1221 3609 1249 3685 3,
1273 3610 1315 3666 44

298 3708 491 3774 ‘Interdum
513 3709 637 3774 leviter
659 3729 792 3775 mecum
816 3708 950 3774 deserta
973 3707 1140 3794 querebar

297 3815 452 3880 Externo
475 3815 594 3901 longas
618 3839 718 3904 saepe
741 3816 779 3880 in
803 3838 916 3881 amore
939 3816 1071 3881 moras'.

188 3944 254 4007 quo
277 3923 360 4006 loco,
385 3944 461 3987 cum
477 3921 630 4008 Cynthia
652 3945 722 3988 non
744 3930 816 3988 tam
832 3923 964 4008 ‘longas
988 3945 1087 4010 saepe
1102 3920 1235 4004 moras’,
1259 3942 1361 4006 quam

188 4033 311 4095 ‘moras
333 4029 435 4117 ipsas’
459 4028 614 4115 graviter
636 4027 738 4114 ferat,
767 4029 879 4116 figura
902 4052 922 4094 a
944 4029 1176 4115 grammaticis
1200 4025 1361 4114 11661116-

187 4145 262 4202 cata
285 4135 441 4201 adhibita
464 4144 523 4201 est.
563 4135 762 4201 Cuiusmodi
785 4136 884 4221 locos,
909 4158 927 4200 6
951 4135 1074 4221 quibus
1090 4135 1251 4223 depromo
1273 4133 1361 4199 illud

187 4242 255 4307 Oic.
273 4243 315 4308 de
331 4251 400 4308 nat.
418 4242 448 4306 d.
465 4242 500 4306 II
518 4250 558 4306 66
584 4241 746 4329 ‘ipsorum
768 4242 908 4309 deorum
924 4265 1023 4328 saepe
1040 4239 1242 4328 (oftmalige)
1265 4263 1361 4329 prae-

187 4349 330 4416 sentiae’
354 4349 508 4434 Draeger
530 4349 548 4413 1
570 4373 602 4437 p.
621 4356 682 4414 631
709 4349 856 4436 collegit.
