3164 5132
718 311 939 371 ..36-

334 483 369 567 d)
402 481 531 561 Quodsi
559 481 646 548 duae
678 505 732 550 res
759 504 893 549 accessu
920 483 977 548 vel
1004 487 1097 546 statu
1124 503 1195 546 sese
1227 480 1459 566 attingunt,

245 590 315 655 ‘ad’
338 587 544 677 praepositio
566 611 628 676 per
642 595 797 654 nostrum
812 589 882 654 ‘an'
900 587 1074 654 reddenda
1091 595 1150 652 est.
1185 588 1240 652 Pr.
1255 587 1310 652 IH
1335 592 1407 670 14,
1431 595 1457 653 9

246 693 345 783 ‘ligat
371 695 415 761 ad
428 703 578 762 caestum
600 694 781 761 bracchia’.
815 703 842 778 1,
859 703 917 761 219.
949 695 1045 778 IVl,
1071 701 1135 760 110
1159 695 1363 760 ‘haerentes
1396 694 1455 760 ad

245 802 302 891 pia
323 823 405 870 saxa
426 803 538 870 rates'.
580 801 677 868 Alios
699 802 790 868 locos
813 825 833 866 a
855 802 1042 890 posteriore
1066 823 1166 888 prosa
1187 800 1313 888 petitos
1344 799 1456 866 vide

246 933 297 997 ap.
320 909 433 974 Hand.
456 909 474 973 Ι
498 915 549 975 89.
590 910 644 973 Pr.
667 908 765 992 IV2,
790 915 830 974 39

357 1016 544 1081 ‘Pastorem
568 1014 611 1079 ad
633 1013 793 1080 baculum
814 1036 951 1102 possum
973 1014 1113 1079 curare'.

247 1121 268 1186 i.
294 1145 320 1187 e.
354 1144 408 1187 am
436 1121 549 1188 Stabe.
588 1119 657 1186 Ofr.
682 1117 784 1208 Verg.
816 1119 915 1186 Geor.
938 1119 975 1185 H
1003 1127 1067 1185 250
1100 1120 1156 1185 ‘ad
1189 1119 1316 1206 digitos
1353 1119 1449 1186 len-

247 1229 349 1294 tescit
371 1227 550 1294 habendo'.
592 1228 710 1293 Inven.
725 1227 812 1294 VIH
838 1233 900 1294 167
926 1225 1042 1292 ‘facies
1065 1226 1156 1293 olida
1178 1225 1222 1291 ad
1243 1227 1447 1316 praesepia

248 1335 379 1424 pictas'.
468 1321 470 1326 ¹

358 1443 413 1507 Pr.
428 1442 464 1506 H
482 1449 509 1525 1,
528 1449 544 1506 7
571 1441 652 1507 ‘Seu
665 1441 739 1507 vidi
754 1441 798 1505 ad
813 1439 962 1506 frontem
981 1463 1112 1528 sparsos
1129 1463 1239 1506 errare
1255 1440 1441 1528 capillos'.

335 1548 423 1613 Nam
446 1547 537 1612 idem
560 1554 660 1634 poeta
683 1547 768 1612 dicit
790 1547 826 1611 H
851 1555 901 1631 22,
926 1555 944 1612 9
969 1546 1063 1612 ‘Sive
1086 1547 1169 1632 vagi
1191 1547 1301 1612 crines
1324 1548 1442 1634 puris

248 1655 286 1720 in
307 1653 480 1721 frontibus
504 1655 641 1719 errant'.
673 1653 724 1719 IV
748 1661 777 1736 3,
802 1661 843 1718 58
868 1654 927 1718 ‘Et
951 1653 1066 1742 crepet
1089 1653 1134 1718 ad
1156 1661 1289 1719 veteres
1313 1652 1439 1718 herba

248 1759 375 1827 Sabina
397 1760 512 1828 focos'.
545 1762 566 1826 i.
582 1784 608 1826 0.
637 1784 702 1845 am,
731 1759 794 1827 auf
813 1761 844 1825 d.
868 1761 911 1825 H„
958 1760 1024 1825 Cui
1046 1761 1189 1826 similem
1213 1760 1438 1826 sententiam

248 1890 326 1934 cum
348 1867 462 1933 verbis
486 1868 725 1956 exprimerent,
754 1867 852 1934 Ovid.
877 1873 911 1932 02
934 1867 1036 1932 Mart.
1059 1867 1216 1932 voculam
1239 1866 1300 1932 ‘in'
1325 1867 1436 1932 adhi-

247 1974 327 2040 bere
354 1975 560 2040 maluerunt:
593 1976 685 2040 Fast.
709 1975 760 2040 IV
785 1982 846 2040 142
877 1974 937 2038 ‘Et
961 1981 1076 2062 crepet
1098 1975 1136 2038 in
1161 1970 1282 2040 mediis
1305 1974 1435 2038 lamus

248 2080 370 2148 adusta
392 2079 498 2146 focis’.
534 2082 634 2146 Mart.
659 2082 720 2146 ΙΧ,
737 2089 788 2164 22,
813 2089 841 2148 6.
885 2081 953 2147 Sed
976 2081 1035 2146 illa
1057 2081 1245 2169 particulae
1268 2081 1337 2146 ‘ad'
1364 2104 1433 2168 po-

248 2195 352 2254 testas
375 2211 491 2252 rursus
515 2188 658 2254 offertur
681 2187 1064 2275 speciositatem
1089 2188 1242 2253 ‘asellum
1255 2186 1431 2271 Liquerat
1554 2219 1556 2262 t

249 2295 293 2360 ad
314 2294 426 2383 ripas’.
472 2294 545 2360 Tib.
568 2296 604 2359 H
629 2303 657 2377 6,
682 2303 723 2359 54
748 2294 804 2360 ‘ad
827 2295 918 2382 ripas
942 2317 1034 2360 arma
1057 2295 1176 2360 relicta
1199 2294 1276 2359 dei’.
1555 2268 1566 2348 l,

338 2409 366 2466 2.
399 2401 689 2488 Praepositionem
712 2401 816 2466 ‘ante'
841 2391 1011 2467 aLatinis
1034 2401 1071 2466 in
1086 2401 1212 2467 talibus
1231 2401 1428 2484 sententiis,
1551 2388 1556 2527 ι

250 2530 392 2593 quarum
406 2507 550 2573 verbum
573 2507 745 2594 significat
766 2514 905 2590 motum,
928 2508 1102 2574 interdum
1124 2515 1321 2596 usurpatam
1341 2531 1429 2590 0000,

249 2613 362 2678 Hand.
388 2614 418 2698 (Ι
443 2616 520 2699 366)
545 2621 579 2678 02
601 2614 834 2703 lexicographi
858 2615 1055 2681 docuerunt.
1099 2618 1154 2681 Pr.
1177 2616 1228 2680 IV
1252 2625 1280 2698 2,
1305 2622 1346 2680 56

361 2720 536 2786 ‘Transeat
559 2727 638 2786 ante
652 2743 743 2787 meos
766 2721 867 2786 turba
881 2728 999 2808 togata
1015 2722 1139 2809 pedes’.
1172 2722 1245 2786 Tib.
1259 2722 1295 2786 H
1313 2730 1340 2804 5,
1358 2727 1426 2788 116

361 2826 462 2893 ‘Ante
486 2850 562 2894 suos
588 2849 706 2894 curnis
729 2829 855 2916 oppida
878 2829 971 2895 victa
994 2828 1104 2894 feret'.
1150 2829 1169 2894 Ι
1194 2835 1242 2912 10,
1269 2835 1309 2894 16

361 2934 554 3000 ‘Cursarem
576 2939 707 3000 vestros
731 2957 808 2999 cum
836 2941 933 3000 tener
956 2941 1037 3000 ante
1064 2934 1189 3022 pedes’.
1235 2936 1295 3002 Ov.
1320 2935 1423 3000 Trist.

251 3042 302 3106 IV
325 3048 354 3125 2,
379 3051 428 3106 aa.
891 3057 892 3060 ¹

339 3148 459 3233 Neque
474 3171 556 3214 vero
579 3147 691 3213 adhuc
714 3147 967 3214 commemorati
990 3156 1069 3214 sunt
1083 3149 1158 3232 loci,
1182 3149 1242 3214 ubi
1260 3171 1329 3214 non
1345 3171 1423 3235 pro·

251 3255 439 3343 pinquitas,
473 3254 532 3320 sed
559 3254 719 3320 motionis
745 3255 912 3320 terminus
935 3254 1157 3341 intellegatur
1186 3263 1288 3340 atque
1315 3254 1424 3342 parti·

253 3361 329 3426 cula
344 3362 449 3427 ‘ante'
473 3384 493 3426 a
515 3361 765 3449 praepositione
789 3360 859 3425 ‘ad’
884 3361 1037 3448 proxime
1066 3361 1164 3427 absit.
1206 3362 1267 3428 Ov.
1286 3361 1336 3426 Ib.
1358 3367 1421 3426 636

362 3467 521 3533 ‘Excidat
545 3475 624 3533 ante
646 3467 749 3555 pedes
761 3468 882 3554 lingua
897 3475 1026 3533 resecta
1049 3469 1148 3534 tuos’.
1180 3467 1289 3533 Aml
1310 3474 1358 3550 13,
1381 3475 1420 3533 19

362 3575 507 3640 ‘vinctos
530 3580 610 3638 ante
634 3569 721 3639 atria
742 3573 873 3638 mittis’.
920 3574 956 3638 H
981 3579 1030 3657 13,
1056 3582 1096 3638 24

362 3682 452 3769 ‘Ipse
466 3679 573 3746 feram
588 3688 667 3745 ante
680 3687 758 3746 tuos
772 3703 913 3747 munera
928 3688 1009 3746 vota
1021 3680 1147 3769 pedes’.
1181 3680 1307 3769 Propi
1319 3687 1418 3764 16,43
1549 3755 1550 3762 ,

363 3787 466 3854 ‘Ante
489 3795 566 3853 tuos
591 3787 749 3872 quotiens
772 3787 864 3854 verti
885 3810 947 3871 me,
970 3787 1108 3875 perfida,
1131 3787 1266 3876 postes’.
1301 3770 1303 3777 ¹
1549 3767 1550 3797 ‘

342 3903 370 3961 3.
407 3893 538 3959 Handii
561 3894 677 3982 opinio
700 3895 750 3979 (H
765 3898 819 3978 63)
848 3893 991 3960 Latinos
1014 3917 1084 3961 non
1108 3894 1232 3962 dixisse
1254 3895 1357 3960 ‘circa
1378 3933 1415 3944 -

252 4002 313 4076 ire’
338 4024 444 4087 eaque
467 4002 510 4066 de
534 4023 634 4067 causa
655 4024 703 4067 vs.
719 4002 770 4067 IV
792 4009 820 4086 6,
845 4009 864 4067 6
889 4000 1035 4086 ‘Terque
1057 4000 1172 4068 focum
1195 4002 1284 4068 circa
1305 4003 1415 4068 laneus
1544 3989 1545 4004 ‘

252 4107 344 4194 orbis
359 4109 427 4174 eat'
443 4108 683 4196 Dempsterum
706 4107 832 4175 rectius
849 4107 1003 4174 ‘circum'
1020 4107 1200 4196 scripsisse,
1224 4109 1267 4175 ad
1287 4109 1414 4175 irritum

252 4214 376 4281 cecidit
403 4221 537 4303 reperto
565 4215 639 4280 1000
663 4215 725 4281 Ov.
746 4213 821 4280 Art.
845 4237 907 4280 am.
931 4215 986 4280 HI
1010 4221 1073 4280 274
1102 4213 1307 4301 ‘Angustum
1334 4215 1415 4280 circa
1542 4239 1543 4269 1

252 4320 357 4388 fascia
378 4327 497 4409 pectus
522 4321 598 4385 eat'.
