3164 5132
704 345 923 400 ...42-

234 531 249 568 x
317 511 408 577 Hlud
431 512 598 599 Scaligeri
621 513 799 578 consilium
812 513 852 578 si
874 512 941 578 tibi
963 515 1084 601 placet,
1107 537 1150 579 ne
1174 513 1240 580 alio
1265 513 1434 599 quidem

224 617 300 683 loco
323 619 371 684 IV
397 626 445 702 10,
467 626 511 684 ’18
536 619 822 708 praepositionem
845 620 972 685 reicies.
1004 621 1159 706 Namque
1183 621 1280 687 codd.
1296 622 1430 708 Neap.

226 725 316 790 Flor.
344 727 430 792 Dav.
462 726 626 793 exhibent
658 726 840 791 lectionem
868 727 1025 813 ‘aporco',
1058 751 1136 792 curn
1167 728 1239 794 cod.
1262 728 1342 795 Vat.
1376 735 1430 792 et

224 832 352 898 Flore
377 835 464 898 man.
488 834 571 898 haec
594 832 745 898 tradant:

284 967 286 972 ¹
338 939 455 1006 ‘Urbis
478 939 686 1024 virtutisque
708 962 830 1026 parens
854 940 902 1005 sic
924 941 1064 1006 vincere
1087 942 1207 1024 suevit,

384 1045 452 1123 Qui
474 1047 557 1111 tulit
580 1047 694 1133 aprico
717 1045 846 1132 frigida
869 1054 978 1113 castra
1001 1047 1092 1112 lare’.

314 1153 518 1218 Rectissime
549 1153 657 1239 igitur
684 1153 865 1237 Jacobus1)
892 1152 1096 1219 ,facillimam
1128 1154 1419 1220 emendationem

229 1262 268 1322 ‘a'
280 1260 395 1346 parco'
422 1283 441 1325 a
464 1260 657 1325 Baehrente
686 1261 756 1327 solo
784 1267 955 1348 receptam
977 1261 1161 1348 proposuit.
1207 1261 1410 1328 Enimvero

224 1365 309 1449 quid
325 1367 438 1432 valeat
453 1367 540 1432 illud
564 1367 692 1454 ‘aprico
714 1367 807 1450 lare’,
829 1367 890 1432 vix
911 1367 1138 1454 intellegitur,
1163 1390 1240 1432 cum
1262 1375 1413 1434 retenta

223 1472 416 1538 elocutione
444 1478 477 1537 ‘a
504 1474 618 1561 parco’
647 1473 811 1538 victoriae
838 1475 989 1558 Romuli,
1019 1473 1110 1558 quod
1137 1473 1294 1559 sentiam,
1328 1498 1409 1540 mo-

225 1577 341 1644 destae
370 1587 619 1664 contentusque
647 1580 740 1644 vitae
767 1581 937 1667 praeclare
965 1588 1182 1667 opponantur
1209 1581 1406 1666 voculaque

225 1685 272 1749 ‘a'
289 1686 408 1751 relicta
432 1685 714 1751 sedesindicetur
731 1685 847 1751 eadem
869 1686 1003 1752 ratione
1019 1693 1122 1772 atque
1145 1687 1182 1751 in
1205 1711 1252 1752 vs.
1270 1687 1404 1754 ‘Sensit

226 1790 268 1856 ab
292 1791 426 1858 Oetaeis
450 1793 576 1878 gaudia
598 1793 707 1880 prima
730 1793 841 1879 iugis⁷.

315 1903 346 1980 e)
374 1899 559 1984 Reliquum
583 1906 641 1983 est,
665 1906 705 1963 ut
728 1921 896 1986 exponam
920 1900 1033 1966 devs.
1057 1901 1074 1964 I
1099 1908 1149 1984 12,
1175 1909 1214 1965 19

337 2005 399 2068 ‘Mi
422 2029 533 2090 neque
549 2029 660 2070 amare
677 2006 778 2071 aliam
793 2029 904 2091 neque
920 2005 963 2070 ab
984 2006 1047 2071 hac
1063 2006 1225 2072 desistere
1241 2006 1310 2073 fast
1325 2010 1402 2074 est’.

225 2110 312 2174 Oum
336 2110 430 2177 codd.
454 2112 558 2198 Neap.
584 2120 618 2177 et
641 2112 735 2178 Voss.
760 2111 958 2177 ‘dissistere’
983 2113 1139 2196 verbum,
1164 2115 1259 2178 cuius
1283 2137 1401 2180 veram

224 2215 369 2282 somnam
385 2219 570 2285 ‘desistere'
588 2219 740 2285 servavit
756 2219 827 2284 cod.
844 2221 943 2302 Flor,
965 2220 1178 2304 tradiderint,
1202 2244 1400 2308 persuasum

224 2324 345 2409 habeo,
382 2324 548 2390 librorum
581 2326 657 2391 Vat.
696 2333 731 2391 et
762 2326 848 2391 Dav.
881 2326 1085 2413 scripturam
1117 2328 1317 2394 ‘discedere'
1356 2330 1398 2395 ab

223 2431 378 2518 Hauptio
406 2432 630 2516 Vahlenoque
657 2439 828 2519 receptam
859 2434 929 2497 levi
955 2441 1125 2499 momento
1153 2436 1400 2501 aestimandam

224 2560 303 2602 esse.
349 2538 428 2602 Huc
461 2538 605 2622 accedit,
637 2545 678 2603 ut
705 2540 804 2625 Prop.
830 2538 935 2604 verbo
965 2540 1152 2606 ‘desistere’
1181 2565 1261 2607 usus
1290 2543 1335 2609 sit
1361 2544 1401 2608 in

223 2643 327 2708 simili
350 2645 520 2709 sententia
543 2645 579 2709 H
604 2652 653 2728 20,
679 2652 719 2710 36

232 2792 234 2796 f
336 2751 424 2815 ‘Hoc
447 2750 532 2815 mihi
554 2759 718 2839 perpetuo
742 2752 795 2816 ius
819 2759 878 2836 est,
903 2752 994 2836 quod
1017 2755 1107 2818 solus
1131 2762 1261 2820 amator

379 2857 451 2922 Neo
475 2858 542 2922 cito
566 2857 691 2923 desisto
714 2881 777 2923 nec
799 2866 927 2924 temere
949 2860 1097 2946 incipio’.

224 2971 326 3050 atque
350 2965 441 3030 illius
457 2965 554 3031 verbi
579 2973 751 3030 structura
775 2965 938 3031 offeratur
961 2990 1012 3053 ap.
1029 2968 1138 3034 Plaut.
1154 2969 1243 3033 Men.
1260 2969 1292 3034 V
1310 2979 1337 3053 2,
1356 2978 1396 3035 27

224 3071 295 3136 ‘ille
318 3072 377 3136 abs
401 3081 436 3137 te
459 3073 567 3137 iratus
591 3072 756 3137 destitit?’

314 3187 342 3243 2.
375 3180 436 3244 De.

313 3288 344 3368 a)
375 3286 429 3349 Pr.
453 3286 507 3349 HI
531 3294 564 3370 9,
591 3292 606 3351 1
642 3286 833 3350 ‘Maecenas
862 3309 962 3371 eques
985 3287 1131 3352 Etrusco
1160 3287 1201 3352 de
1230 3289 1395 3375 sanguine

221 3391 364 3476 regum’.
410 3392 446 3455 H
471 3400 498 3475 7,
525 3400 564 3458 14
590 3393 724 3458 ‘Nullus
749 3393 790 3457 de
813 3401 929 3458 nostro
953 3394 1120 3480 sanguine
1142 3395 1239 3460 miles
1263 3395 1350 3461 erit'.

311 3496 347 3580 b)
380 3498 483 3580 Ordo,
526 3499 564 3563 in
603 3522 669 3583 quo
708 3500 784 3584 quis
821 3500 1036 3586 reponendus
1075 3508 1142 3584 est,
1181 3502 1396 3588 significatur

222 3625 270 3668 vs.
294 3604 330 3667 H
354 3611 409 3688 24,
435 3612 475 3669 30
520 3607 605 3670 ‘Iam
638 3605 704 3671 tibi
741 3605 783 3670 de
819 3606 948 3671 timidis
985 3606 1050 3671 iste
1087 3616 1269 3694 protervus
1307 3608 1394 3674 erit’.

223 3711 283 3778 Ov.
307 3709 382 3775 Am.
406 3711 461 3775 ΙΠ
485 3721 517 3795 3,
542 3719 583 3777 46
624 3713 684 3777 ‘Et
711 3735 780 3778 non
807 3712 849 3777 de
877 3713 1008 3777 tetricis
1038 3712 1168 3779 dicerer
1191 3737 1261 3780 esse
1290 3715 1394 3780 deus’.

221 3819 314 3883 Fast.
338 3819 370 3884 V
394 3825 456 3886 351
482 3821 566 3884 ‘non
589 3827 641 3884 est
664 3819 706 3884 de
729 3842 853 3905 magna
876 3818 1057 3907 professis’.

311 3929 341 4008 c)
369 3925 484 3990 Ρ1.Π
509 3933 563 4009 29,
590 3933 628 3990 17
659 3920 854 3990 ‘Afflabunt
881 3925 948 3991 tibi
975 3950 1044 3992 non
1065 3927 1219 3991 Arabum
1248 3928 1290 3994 de
1318 3951 1393 4014 gra·

221 4032 312 4096 mine
336 4032 477 4098 odores’.
523 4034 541 4097 Ι
566 4043 598 4116 5,
625 4041 666 4099 26
696 4034 820 4112 ‘Quam
843 4007 911 4098 cito
935 4032 977 4098 de
1000 4040 1097 4098 tanto
1121 4035 1257 4099 nomine
1280 4057 1395 4100 rumor

222 4137 309 4203 eris'.
347 4161 413 4223 quo
438 4163 480 4204 ex
504 4140 682 4205 enuntiato
706 4140 877 4227 praeclare
906 4139 1138 4226 cognoscitur,
1168 4164 1235 4225 qua
1261 4142 1394 4207 ratione

221 4245 427 4332 praepositio
451 4269 586 4335 causam
609 4246 761 4310 indicare
784 4246 945 4333 cooperit:

312 4380 332 4448 1)
350 4377 393 4431 rr.
407 4378 516 4446 Jacobs,
535 4377 636 4433 Philol.
665 4379 690 4432 11
709 4397 736 4448 p.
750 4379 810 4433 452.
