3164 5132
706 271 925 337 ..38-

340 443 399 506 ι111
421 443 548 507 struxit
571 442 727 527 querulas
750 465 851 507 rauca
873 465 933 530 per
956 443 1061 525 ossa¹)
1085 442 1206 517 tubas’.

177 593 180 598 -
249 632 251 638 Ι
275 626 277 632 7
299 547 416 632 cuod
431 549 569 620 Lachm.
586 549 642 616 cui
650 549 778 637 Haupt.
794 555 829 614 et
838 549 935 614 Vahl.
951 551 1078 614 assensi
1094 556 1182 632 sunt,
1198 571 1246 614 vs.
1260 549 1283 613 Ι
1304 554 1366 630 15,
1381 554 1425 612 21

281 698 285 702 -
340 654 515 742 ‘Coniugis
537 654 682 720 Euadne
704 655 842 720 miseros
866 655 954 744 elata
977 678 1037 743 per
1060 655 1156 742 ignes
1180 655 1329 721 Occidit
1337 656 1357 721 '.

229 759 366 847 ‘ablata'
390 763 579 849 scripserat,
603 761 741 827 Hertzb.
758 783 894 850 operam
917 761 1020 845 dedit,
1044 770 1083 826 ut
1107 762 1262 839 codicum
1282 762 1428 827 lectio·

228 889 306 932 nem
337 866 545 952 defenderet.
600 868 668 934 Sed
698 869 800 934 huius
822 869 1027 956 interpretis
1059 875 1163 954 atque
1194 869 1428 934 Baehrentis

228 973 351 1061 opime,
375 975 480 1041 verba
503 979 577 1062 ‘per
599 975 709 1062 ignes'
727 997 804 1040 cum
819 975 970 1040 ‘occidit'
994 976 1109 1040 artius
1124 998 1195 1040 esse
1215 975 1428 1062 iungenda,

228 1081 304 1146 ideo
328 1105 397 1146 non
419 1083 544 1169 placet,
575 1083 655 1166 quia
676 1083 788 1148 locum
810 1082 861 1146 illi
884 1081 1093 1146 simillimum
1116 1083 1234 1148 inveni
1261 1106 1320 1170 ap.
1353 1083 1425 1148 Ov.

227 1187 308 1253 Met.
325 1188 375 1253 VI
393 1197 454 1254 282
480 1191 640 1274 “Corque
662 1188 774 1254 ferum
797 1189 894 1258 satia’
919 1189 1008 1253 dixit
1032 1193 1104 1276 ‘per
1126 1188 1249 1258 funera
1269 1198 1425 1278 septem

228 1294 396 1376 Efferor.”
449 1296 548 1374 Quod
580 1297 793 1361 enuntiatum
825 1295 1044 1384 praecedenti
1074 1297 1271 1363 hexametro
1303 1299 1430 1362 uncis

228 1401 358 1467 incluso
381 1404 564 1468 Merkelius
588 1403 756 1468 intactum
778 1403 925 1487 reliquit.
984 1476 987 1482 Δ

319 1517 346 1573 5.
385 1511 475 1575 Post.
502 1577 504 1586 Α

316 1619 349 1698 1)
382 1617 448 1681 Pro
471 1615 616 1682 formula
640 1621 672 1681 ‘a
694 1617 805 1702 tergo’
830 1617 975 1682 elocutio
999 1620 1088 1705 ‘post
1108 1617 1218 1702 terga'
1234 1624 1418 1705 usurpata

229 1730 386 1808 apparet:
432 1724 486 1787 Pr.
514 1724 630 1807 1110,
656 1731 704 1788 13.
756 1724 931 1789 Ov.Fast.
959 1724 1009 1788 IV
1035 1730 1107 1790 281.
1151 1724 1233 1788 Met.
1261 1725 1297 1788 H
1328 1731 1418 1790 187.

230 1827 347 1906 Iuven.
372 1830 463 1894 ΧΠΙ
488 1838 538 1895 16.
737 1854 740 1858 ’
832 1881 833 1887 .

317 1935 353 2020 b)
385 1938 515 2025 Optimi
538 1939 667 2004 solutae
690 1938 853 2008 orationis
873 1938 1053 2024 scriptores
1069 1937 1287 2024 participium
1303 1937 1415 2002 addi-

230 2040 358 2126 dissent
384 2044 422 2108 in
448 2045 501 2110 his
523 2045 704 2132 exemplis:
737 2047 791 2110 Pr.
815 2045 869 2109 ΠΙ
894 2052 926 2128 1,
952 2052 992 2109 36
1026 2045 1141 2108 ‘ulum
1168 2051 1246 2130 post
1269 2045 1412 2110 cineres

229 2171 378 2235 auguror
404 2153 477 2239 ipse
501 2153 612 2219 diem’.
659 2153 719 2218 Ov.
742 2154 797 2216 Ex
820 2153 856 2216 P.
880 2152 931 2217 IV
956 2158 1010 2234 16,
1038 2158 1075 2215 13
1111 2152 1297 2235 ‘Famaque
1322 2158 1412 2238 post

230 2257 359 2322 cineres
381 2261 488 2324 maior
510 2260 628 2325 venit’.
673 2261 753 2324 Met.
777 2259 865 2324 VHI
889 2265 961 2323 539.
998 2258 1098 2322 Mart.
1121 2258 1139 2321 I
1166 2265 1192 2340 1,
1218 2265 1245 2322 6.

288 2395 289 2398 ¹
318 2365 349 2451 c)
381 2365 424 2430 In
445 2389 493 2430 vs.
509 2367 545 2430 H
569 2374 597 2449 3,
622 2373 663 2431 32
689 2367 782 2430 ‘Post
797 2365 965 2429 Helenam
987 2365 1071 2430 haec
1093 2365 1193 2429 terris
1217 2363 1326 2430 forma
1349 2389 1409 2430 se-

229 2470 341 2535 cunda
356 2471 467 2536 redit’.
486 2473 692 2560 praepositio
708 2471 945 2558 principatum,
962 2493 1062 2555 quem
1078 2473 1154 2556 quis
1170 2478 1275 2554 tenet,
1292 2473 1408 2558 signi-

228 2575 316 2658 ficat.
350 2577 417 2654 Qui
439 2601 519 2642 usus
543 2601 619 2644 cum
633 2601 701 2643 uno
717 2579 799 2643 Hor.
822 2578 896 2652 loco
920 2577 973 2642 HI
990 2584 1018 2660 9,
1036 2585 1054 2641 6
1079 2577 1121 2642 ab
1137 2577 1275 2642 Handic
1297 2585 1406 2663 atque

228 2683 478 2770 lexicographis
495 2685 597 2750 111110
614 2684 858 2772 comprobetur,
875 2684 957 2750 alios
973 2683 1131 2770 adiunge.
1151 2685 1212 2750 Ov.
1222 2685 1303 2749 Met.
1315 2685 1347 2750 V
1358 2692 1403 2750 97

341 2791 550 2879 ‘Cephenum
573 2799 651 2879 post
672 2815 787 2878 regem
810 2793 938 2880 primus
961 2791 1128 2856 Hodites’.
1175 2791 1228 2855 Tr.
1253 2792 1285 2857 V
1302 2800 1329 2874 9,
1357 2798 1403 2856 12

316 2942 317 2946 =
340 2896 473 2962 ‘Gratia
496 2905 573 2987 post
596 2922 736 2984 magnos
761 2906 811 2964 est
833 2898 899 2964 tibi
921 2897 1077 2962 habenda
1100 2897 1201 2962 deos’.

279 3074 281 3079 ,
320 3011 346 3067 6.
380 3005 509 3070 Vocula
533 3007 698 3094 ‘propter'
721 3006 857 3071 finalem
880 3005 1053 3076 notionem
1077 3004 1245 3069 contineri
1268 3004 1310 3069 ab
1327 3027 1400 3069 om-

231 3109 332 3174 nibus
356 3111 463 3179 doctis
487 3120 650 3198 negatum
673 3120 732 3178 est.
777 3111 826 3176 At
850 3110 1025 3175 considera
1049 3133 1095 3175 vs.
1120 3111 1174 3174 Pr.
1198 3111 1234 3174 H
1259 3118 1286 3194 9,
1312 3119 1351 3176 25

341 3219 447 3284 ‘Haec
470 3219 555 3284 mihi
576 3227 658 3285 vota
680 3226 775 3284 tuam
797 3225 937 3305 propter
960 3223 1114 3303 suscepta
1138 3217 1312 3281 salutem?’

229 3323 348 3407 Neque
363 3325 477 3390 minus
493 3325 654 3391 Ovidium
668 3327 756 3392 hanc
770 3324 935 3410 loquendi
950 3323 1122 3388 licentiam
1138 3322 1204 3387 sibi
1219 3324 1400 3412 sumpsisse

229 3430 258 3494 is
282 3432 453 3515 concedet,
477 3433 536 3516 qui
559 3455 607 3498 vs.
632 3433 731 3497 Trist.
754 3433 791 3496 H
815 3439 854 3496 37
860 3440 877 3494 5
1408 3415 1411 3420 ¹

341 3536 421 3603 ‘Aut
445 3539 529 3623 quid
553 3539 701 3625 Odyssea
725 3546 783 3622 est,
807 3537 875 3602 nisi
898 3535 1024 3601 femina
1047 3542 1187 3622 propter
1210 3559 1367 3618 amorem,

339 3645 432 3708 Dum
454 3645 509 3710 vir
533 3644 636 3728 abest,
658 3646 774 3710 multis
797 3667 865 3708 una
887 3643 997 3730 petita
1019 3643 1161 3730 procis?’

229 3752 442 3817 voluntatem
465 3773 644 3838 procorum
667 3759 701 3817 et
724 3759 842 3839 poetae
867 3749 1045 3815 consilium
1069 3750 1297 3836 exemplorum
1321 3771 1398 3836 pro·

228 3859 476 3946 ponendorum,
506 3881 591 3943 quae
615 3858 750 3923 Caesari
772 3857 998 3944 persuadeant
1027 3857 1069 3921 de
1092 3856 1234 3920 aliorum
1257 3856 1398 3942 scripto·

229 3987 304 4032 rum
327 3966 421 4052 turpi
444 3972 655 4052 argumento,
678 3964 844 4052 respiciet.

248 4199 252 4202 ¹
321 4215 341 4283 1)
360 4213 414 4267 cfr.
427 4212 582 4279 Bluemner,
602 4210 787 4282 Technologie
799 4229 825 4266 u.
839 4209 1042 4280 Terminologie
1061 4209 1086 4262 d.
1101 4209 1232 4266 Gewerbe
1250 4229 1275 4266 u.
1289 4209 1396 4265 Kiinste

229 4301 276 4356 bei
294 4301 338 4356 Gr.
357 4319 383 4358 u.
402 4303 481 4356 Rom.
518 4303 543 4356 11
566 4322 592 4372 p.
607 4303 667 4358 396.
687 4302 747 4357 394.
