3164 5132
667 351 888 408 ..25-

189 518 256 584 tibi
280 519 417 584 credere
440 519 542 586 turba
564 527 673 605 vetat,
699 520 785 586 Cum
808 520 905 586 videt
929 571 959 584 ..
984 520 1143 586 devotam
1167 541 1301 585 currere
1325 572 1332 584 .
1356 571 1363 584 .

181 623 225 688 ‚in
253 626 395 691 nemus'.
441 627 541 692 Hanc
567 628 725 694 voculam
749 627 833 693 ‘sed'
860 626 1100 708 Lachmannus
1132 633 1168 692 et
1199 627 1270 711 alii,
1304 627 1364 712 qui

188 738 333 819 excepto
365 732 595 820 Hertzbergio
634 733 705 800 eius
738 733 944 799 sententiam
975 733 1221 821 probaverrmt,
1258 734 1362 800 ‘nam'

189 838 359 925 particula
382 837 425 903 ab
444 839 542 904 Italis
565 840 692 928 scripta
715 848 973 906 commutavere.
1019 839 1069 904 At
1092 839 1224 905 codices
1246 825 1365 905 rectis-

190 944 273 1009 sime
296 945 430 1011 tradere
453 947 636 1033 praemissa
659 947 837 1013 enuntiata
857 947 988 1030 docent,
1013 947 1140 1034 quippe
1164 969 1241 1012 cum
1263 954 1366 1034 poeta

190 1051 234 1115 ad
258 1074 304 1134 ea,
328 1074 415 1136 quae
437 1060 617 1118 monuerat
639 1054 741 1141 paulo
765 1061 853 1136 ante,
876 1060 1071 1119 revertatur
1093 1054 1150 1118 vel
1165 1053 1279 1141 potius
1294 1053 1365 1141 pri-

191 1180 280 1223 mam
303 1159 465 1224 orationis
488 1168 621 1247 partem
643 1160 806 1227 absolvat.
840 1160 921 1226 ‘Sed
944 1159 1038 1244 (aber
1060 1161 1126 1225 wie
1148 1163 1282 1246 gesagt)
1297 1158 1365 1225 tibi

191 1264 353 1349 credere’‚
381 1265 496 1351 inquit
518 1274 648 1333 amator
672 1271 738 1333 ‘me
766 1266 961 1354 impediunt
988 1266 1090 1331 multi
1111 1266 1191 1351 viri,
1220 1287 1366 1352 quorum

192 1371 347 1438 “lumina
372 1373 502 1438 crimen
525 1372 634 1461 (facti)
657 1374 821 1440 habent”.

280 1478 332 1542 Ne
356 1478 529 1544 Baehrens
558 1480 696 1564 quidem
724 1480 1001 1554 coniunctionem
1029 1479 1113 1545 ‘sed’
1139 1479 1237 1567 parvi
1265 1480 1364 1546 aesti-

190 1584 307 1651 mavit.
340 1584 389 1651 At
413 1608 460 1670 co,
485 1586 576 1671 quod
591 1588 713 1652 vocula
728 1588 822 1652 ‘cum’
846 1587 883 1652 in
900 1586 984 1651 ‘cur’
1004 1593 1136 1652 mutata
1158 1592 1241 1652 vs.9
1268 1593 1303 1652 et
1323 1593 1363 1651 10

190 1699 268 1779 post
282 1715 330 1757 vs.
343 1700 361 1758 6
377 1693 500 1781 posuit,
522 1693 661 1758 nimiam
675 1695 747 1761 vim
761 1694 875 1772 textui
890 1692 983 1759 fecit.
1006 1693 1094 1758 Nam
1110 1693 1186 1778 quis
1202 1701 1262 1777 est,
1279 1693 1364 1779 quin

191 1805 316 1882 cernat,
341 1807 470 1884 quanta
490 1801 638 1866 inanitas
654 1801 782 1866 inesset
804 1801 842 1866 in
865 1800 980 1866 verbis
1004 1800 1077 1865 ‘sed
1102 1800 1241 1865 credere
1262 1800 1366 1865 turba

191 1906 312 1989 vetat’,
328 1906 395 1970 nisi
409 1913 511 1994 poeta
530 1907 742 1994 adiunxisset
758 1908 859 1973 ‘Cum
873 1908 1005 1973 videt..
1022 1907 1183 1972 devotam
1196 1906 1367 1972 currere'?

282 2017 309 2076 8.
341 2013 487 2078 Plenum
505 2037 632 2079 nexum
645 2015 815 2101 particula
835 2014 940 2078 ‘nam’
955 2014 1005 2079 ita
1019 2012 1197 2096 desiderat,
1213 2020 1253 2078 ut
1268 2035 1366 2101 prae·

191 2119 327 2192 missam
350 2121 556 2186 sententiam
579 2144 689 2206 neque
712 2122 835 2210 probet
857 2144 968 2206 neque
992 2119 1147 2208 explicet,
1170 2142 1218 2184 vs.
1242 2119 1305 2204 Is,
1322 2127 1361 2186 21

304 2227 366 2295 ‘Ut
388 2235 424 2293 te
440 2227 617 2315 (Cynthia)
634 2279 662 2294 ..
686 2228 845 2316 Accipiat
860 2227 1003 2315 placidis
1019 2227 1136 2292 Oricos
1153 2225 1365 2311 aequoribus.

302 2334 390 2398 Nam
413 2357 467 2400 me
490 2356 560 2399 non
582 2335 673 2400 ullae
695 2342 858 2423 poterunt
879 2356 1093 2422 corrumpere
1116 2333 1258 2399 taedae’.

191 2438 212 2504 i.
227 2462 253 2504 e.
277 2439 380 2505 Denn
403 2464 471 2506 was
502 2440 594 2506 mich
621 2441 763 2507 betrifft.
810 2441 885 2519 Qua
912 2441 1065 2508 liberiori
1092 2441 1224 2506 ratione
1247 2446 1366 2528 poetas

192 2547 325 2636 saepius
348 2547 444 2632 loqui
466 2547 519 2614 his
536 2548 652 2614 Ovidii
670 2548 781 2613 tribus
806 2549 967 2636 exemplis
989 2548 1124 2613 firmare
1147 2547 1234 2612 mihi
1255 2546 1366 2612 liceat.

191 2651 233 2716 In
260 2675 308 2719 vs.
332 2653 412 2718 Met.
436 2654 487 2719 VI
511 2662 573 2721 271
604 2664 785 2743 postquam
813 2654 855 2720 de
878 2654 988 2720 Niobe
1011 2654 1141 2719 dictum
1165 2661 1229 2738 est,
1257 2654 1366 2721 oratio

192 2758 415 2825 continuatur
431 2760 531 2826 ‘Nam
554 2768 651 2849 pater
666 2760 841 2849 Amphion
856 2813 884 2825 ..
908 2761 1086 2826 Finierat.
1107 2812 1113 2824 .
1137 2761 1265 2849 pariter
1289 2784 1366 2827 cum

192 2867 269 2930 luce
293 2866 464 2932 dolorem’.
498 2868 535 2933 Π
550 2875 623 2934 329.
646 2868 734 2933 VIII
749 2875 809 2932 531
837 2867 996 2932 ‘Pulvere
1016 2868 1176 2932 canitiem
1194 2869 1366 2954 genitor..

302 2973 434 3038 Foedat
457 2974 553 3039 humi
577 2973 681 3057 fusus,
705 2974 958 3061 spatiosumque
981 2973 1137 3061 increpat
1161 2994 1289 3039 aevum

303 3080 391 3145 Nam
415 3080 457 3146 de
481 3089 590 3146 matre
612 3104 733 3146 manus
757 3081 824 3146 diri
847 3081 912 3146 sibi
936 3081 1071 3147 conscia
1093 3079 1177 3146 facti

303 3187 432 3274 Exegit
454 3189 600 3276 poenas'.

191 3293 365 3382 Hauptius
388 3294 502 3359 reddit
525 3295 617 3360 deun
639 3318 707 3360 was
732 3295 792 3360 das
809 3295 950 3379 betrifft,
973 3293 1121 3360 dari'rber
1137 3292 1287 3359 brauche
1310 3291 1367 3356 ich

191 3400 294 3465 kaum
317 3424 360 3465 zu
383 3401 500 3485 reden,
529 3425 615 3487 quae
635 3401 820 3482 ¹conversio
848 3401 1040 3486 assequitur
1068 3423 1177 3465 meam
1199 3400 1367 3488 interpre-

192 3507 365 3573 tationem.
411 3508 454 3594 In
477 3508 635 3574 omnibus
658 3508 768 3594 igitur
790 3508 843 3573 his
862 3507 1016 3573 versibus
1041 3506 1137 3593 quasi
1159 3505 1367 3594 praeteritio,

193 3614 236 3678 de
260 3614 450 3699 quamodo
475 3614 554 3698 dini,
580 3615 807 3701 cognoscitur.

281 3721 334 3784 De
357 3720 525 3807 particula
548 3722 652 3786 ‘nam’
677 3744 697 3787 a
718 3721 941 3787 Lachmanno
965 3722 1091 3785 reiecta
1115 3728 1149 3785 et
1173 3743 1193 3784 a
1208 3719 1365 3784 Vahleno

192 3826 352 3892 restituta
374 3850 423 3892 vs.
439 3827 493 3892 III
519 3834 545 3911 7,
571 3834 611 3892 19
628 3828 708 3892 huic
724 3827 918 3892 doctissimo
934 3828 1009 3892 viro
1025 3827 1202 3908 assentior;
1226 3825 1285 3890 sed
1306 3847 1369 3890 cur

192 3933 283 3998 idem
307 3932 379 4017 (cfr.
403 3933 423 3997 l.
448 3956 475 3998 c.
500 3937 577 4018 356)
601 3957 648 3998 vs.
672 3934 716 3998 H.
742 3942 792 4018 26,
817 3941 858 3999 49

304 4039 427 4104 ‘Testis
449 4039 650 4128 Amymone,
673 4040 790 4105 latices
815 4062 892 4105 cum
914 4038 1020 4105 ferret
1042 4039 1079 4104 in
1101 4038 1206 4126 Argis
1313 4113 1315 4116 ⁵

196 4135 197 4140 ἵ
244 4228 246 4234 7
300 4147 506 4234 compressa,
531 4154 565 4212 et
587 4147 721 4212 Lernae
743 4147 842 4234 pulsa
864 4146 1016 4212 tridente
1038 4147 1143 4233 palus.

300 4253 373 4318 Iam
396 4253 479 4319 deus
503 4254 661 4342 amplexu
684 4261 804 4318 votum
826 4253 1004 4341 persolvit:
1029 4252 1139 4317 atilli

300 4360 417 4426 Aurea
440 4359 573 4427 divinas
596 4383 683 4425 urna
704 4359 860 4448 profudit
883 4360 1008 4446 aquas’.
