3164 5132
716 279 954 382 Ι--13-

366 493 456 558 ‘lllic
479 493 536 590 rel
558 493 712 578 seudum)
736 495 887 560 animum
911 494 1090 560 emendare
1111 495 1265 562 Platonis
1300 539 1302 548 .
1333 493 1336 518 ²

366 599 534 688 Incipiam
556 607 617 666 aut
638 600 757 686 hortis,
780 601 879 667 docte
902 601 1060 689 Epicure,
1083 602 1161 667 tuis.

343 708 533 792 Persequar
548 714 608 772 aut
623 707 776 772 studium
791 708 931 794 linguae
948 759 954 772 .
970 709 1007 772 ..'
1024 709 1026 714 ’
1046 709 1190 774 Mueller
1205 716 1240 774 et
1255 708 1429 774 Baehrens

254 814 339 879 ‘aut'
355 836 417 902 pro
434 814 513 880 ‘vel'
530 821 724 902 posuerunt,
741 837 818 879 cum
826 813 1073 902 Hertnbergius
1088 815 1292 881 sententiam
1301 815 1430 881 Handti

253 928 389 986 secutus
412 921 553 987 voculae
577 921 656 987 ‘vel’
680 921 887 988 intensivam
901 923 973 988 vim
987 921 1156 988 tribuerit.
1194 920 1244 988 At
1260 922 1343 1007 quid
1358 930 1429 988 tam

254 1028 386 1112 mirum,
418 1027 447 1092 si
478 1034 579 1114 poeta
601 1026 748 1093 Athenis
779 1027 1013 1116 philosophiae
1040 1028 1154 1094 studio
1186 1051 1258 1094 sese
1287 1028 1429 1094 daturus

255 1133 327 1198 est?
370 1133 610 1200 Lachmannus
641 1135 751 1220 igitur
782 1135 868 1199 illud
900 1134 1073 1200 distichon
1110 1134 1152 1200 ab
1184 1135 1429 1223 interpolatore

255 1237 447 1327 profectum
469 1263 540 1306 esse
562 1247 672 1328 putat.
710 1239 759 1305 At
782 1241 811 1306 is
835 1264 895 1305 cur
917 1263 989 1306 non
1007 1242 1092 1306 ‘aut'
1109 1241 1257 1307 malebat
1273 1242 1428 1326 scribere,

255 1367 331 1410 cum
362 1347 562 1434 praesertim
594 1347 674 1412 ‘vel'
703 1370 829 1435 ponere
851 1355 960 1414 metro
982 1370 1053 1413 non
1075 1349 1274 1435 cogeretur?
1321 1351 1428 1414 Porro

253 1451 492 1518 Lachmannus
521 1460 556 1519 et
578 1452 622 1518 Η.
645 1454 812 1537 Keilius2)
834 1455 939 1541 longa
966 1455 1196 1542 disputatione
1220 1457 1428 1522 consecutio-

253 1581 333 1626 nem
348 1563 421 1625 ‘aut
435 1589 479 1608 ·-
494 1560 562 1626 vel'
578 1567 823 1645 tractaverunt,
839 1561 900 1627 sed
915 1562 957 1626 de
973 1562 1190 1648 responsione
1211 1563 1280 1628 ‘vel
1297 1601 1337 1612 -
1355 1563 1427 1628 aut'

255 1688 325 1731 non
347 1666 455 1730 multa
478 1666 717 1740 disseruerunt.

342 1773 444 1839 Nunc
468 1774 643 1840 considera
666 1796 798 1840 mecum
821 1775 933 1840 locum
955 1776 1017 1841 Ov.
1039 1774 1120 1840 Met.
1144 1776 1213 1841 XV
1238 1783 1301 1842 600

366 1884 439 1945 ‘ros
462 1879 547 1945 urbe
569 1881 683 1947 virum
706 1881 892 1969 prohibete,
918 1881 1076 1965 Quirites,

366 1988 439 2071 Vel,
463 1987 493 2052 si
516 1987 641 2074 dignus
666 1989 739 2073 erit,
764 1987 927 2074 gravibus
950 1988 1079 2053 vincite
1102 1987 1239 2072 catenis,

365 2092 439 2159 Aut
461 2093 558 2159 finite
580 2101 710 2159 metum
733 2093 848 2159 fatalis
870 2102 980 2160 morte
1003 2096 1166 2182 tyranni'.

254 2199 323 2264 iam
345 2200 515 2285 concedes,
540 2202 685 2267 alterum
707 2201 896 2266 membrum
918 2225 938 2265 a
957 2202 1126 2289 particula
1146 2201 1231 2267 ‘aut'
1247 2201 1427 2267 inductum

254 2328 331 2391 non,
355 2314 395 2371 ut
416 2307 613 2392 Kuehner‘ss)
637 2307 834 2392 arbitratur,
858 2308 1036 2374 enuntiato
1060 2311 1133 2374 ‘vos
1156 2308 1241 2374 urbe
1264 2309 1338 2394 sqq'
1359 2331 1427 2374 res-

253 2413 402 2500 pondere
417 2436 527 2498 neque
543 2414 689 2480 alterum
703 2415 900 2499 membrum,
917 2414 1009 2500 quod
1024 2438 1043 2479 a
1058 2415 1180 2480 vocula
1200 2414 1280 2481 ‘vel'
1297 2415 1427 2502 incipit,

255 2519 297 2584 ab
320 2519 379 2585 illa
402 2521 572 2586 sententia
595 2524 668 2586 ‘vos
692 2521 776 2587 urbe
799 2522 883 2607 sqq.'
907 2522 1054 2609 pendere
1076 2544 1182 2608 posse.

294 2708 296 2711 Ι
332 2627 468 2692 ¹Versus
492 2628 552 2693 Ov.
575 2628 662 2693 Ibid.
688 2636 750 2694 297
776 2635 810 2693 et
836 2635 899 2693 469
924 2629 988 2694 etsi
1011 2629 1181 2694 sententia
1197 2651 1312 2694 eorum
1331 2652 1350 2693 a
1368 2651 1427 2695 vo·

255 2731 330 2798 cula
362 2733 441 2799 ‘vel'
470 2733 604 2821 incipit,
632 2757 704 2800 non
736 2734 937 2818 adscribam,
967 2735 1047 2819 quia
1073 2742 1176 2822 poeta
1202 2735 1241 2799 in
1268 2735 1327 2801 illo
1356 2758 1428 2800 car-

254 2841 344 2904 mine
376 2840 630 2906 coniunctiones
663 2841 747 2906 ‘aut'
781 2847 816 2906 et
843 2841 924 2906 ‘vel’
953 2841 1054 2906 nimis
1083 2840 1230 2907 variavit
1254 2863 1360 2926 eaque
1385 2840 1426 2906 de

255 2969 354 3012 causa
384 2947 550 3012 minorem
581 2947 686 3012 habet
719 2947 966 3012 auctoritatem.
1021 2947 1112 3024 Quid
1144 2947 1236 3032 quod
1262 2948 1427 3013 Horatius

253 3053 436 3140 particulas
465 3053 905 3141 disiunctivaspromisoue
936 3053 1116 3140 usurpavit
1145 3053 1253 3118 Oarm.
1282 3054 1300 3118 Ι
1330 3062 1357 3139 7,
1389 3055 1428 3120 1?

254 3159 365 3245 Magis
393 3167 507 3224 autem
534 3161 688 3248 apposite
716 3161 759 3225 ad
785 3161 1037 3248 persuasionem
1064 3160 1172 3225 locuti
1198 3168 1278 3225 sunt
1301 3162 1426 3226 Juven.

253 3266 309 3330 ΙΠ
330 3272 392 3332 120
418 3266 491 3331 ‘ubi
505 3274 627 3353 regnat
643 3268 852 3353 Protogenes
876 3267 997 3352 aliquis
1017 3266 1074 3331 vel
1088 3267 1248 3354 Diphilus
1264 3274 1324 3332 eut
1340 3267 1427 3333 Her-

254 3372 431 3438 marchus’.
460 3380 563 3459 atque
591 3373 722 3440 Statius
745 3374 799 3439 HI
824 3381 852 3457 5,
877 3382 918 3441 20
947 3377 995 3438 ‘et
1022 3373 1203 3459 sigelidas
1226 3375 1312 3439 irem
1334 3397 1433 3439 man-

255 3501 352 3544 surus
376 3479 419 3544 ad
441 3477 565 3545 Arctos
587 3481 653 3546 Vel
676 3502 777 3567 super
792 3479 977 3567 Hesperiae
997 3479 1086 3544 vade
1102 3479 1287 3566 caligantia
1302 3480 1427 3546 Thales

253 3584 327 3650 Aut
349 3587 608 3673 septemgemini
631 3594 734 3674 caput
756 3585 1014 3673 impenetrabile
1036 3585 1117 3669 Nili,
1140 3587 1312 3652 Partirere
1331 3587 1427 3668 vies'.

344 3692 475 3769 Quibus
491 3694 530 3758 in
545 3693 677 3759 duobus
693 3694 878 3759 enuntietis
894 3700 1010 3759 utrum
1026 3693 1215 3759 sententiae
1230 3692 1426 3777 membrum,

254 3799 346 3884 quod
360 3821 380 3864 a
393 3799 562 3886 particula
577 3799 785 3866 disiunctiva
795 3807 903 3884 vacet,
914 3799 1212 3865 coniunctionibus
1224 3800 1292 3865 ‘vel
1300 3838 1345 3850 —
1354 3801 1426 3865 aut’

253 3905 442 3990 antecedat,
465 3929 581 3991 necne,
604 3907 693 3972 nihil
715 3905 829 3973 refert.
868 3908 956 3972 Nam
970 3907 1054 3972 talia
1070 3907 1223 3994 exempla
1239 3914 1274 3972 et
1288 3906 1427 3972 Lachm.

253 4012 291 4077 in
314 4012 518 4100 disputanda
542 4014 779 4080 consecutione
803 4019 875 4079 ‘aut
900 4015 940 4062 -’-
964 4013 1032 4079 vel'
1056 4015 1200 4079 notavit.
1325 4070 1330 4091 Α,
1365 4005 1368 4012 ’

344 4175 364 4243 ²)
384 4172 504 4227 ‘stades'
523 4173 644 4227 Broukh.
664 4175 693 4227 et
710 4172 827 4227 Mueller
844 4173 942 4228 melius
960 4173 1135 4244 scripserunt.
1197 4171 1199 4178 ’

344 4262 364 4332 “)
384 4261 454 4326 Keil,
474 4265 578 4331 quaest.
598 4261 659 4317 erit.
678 4261 709 4315 in
727 4261 808 4342 Prop.
829 4280 856 4331 p.
875 4263 919 4316 47.

345 4353 365 4421 ³)
383 4350 513 4406 Kdehner
531 4351 556 4404 Π
575 4352 635 4406 712.
