3164 5132
723 325 944 381 ..54-

338 499 365 557 6.
398 491 566 576 Tertium,¹
583 491 645 558 ubi
667 501 801 581 poetam
821 493 1025 559 adverbium
1047 516 1108 582 pro
1127 494 1297 561 adiectivo
1322 517 1459 559 usur·

246 621 342 688 passe
365 621 535 686 agnosces,
560 600 752 688 exemplum
775 607 886 666 exstat
909 601 927 665 I
952 608 1003 684 22,
1028 609 1046 666 2

270 766 272 772 ,
353 706 508 784 ‘Quaeris
531 729 593 795 pro
615 713 732 772 nostra
755 729 886 794 semper
908 708 1079 773 amicitia'.
1155 717 1158 724 '

247 812 307 899 qui
316 813 409 879 locus
418 814 595 881 Knttnero
612 813 738 901 quippe
754 814 936 902 interpreti
951 814 1039 879 nihil
1055 814 1242 902 explicanti
1257 814 1454 880 audacter

247 927 463 987 constructus
491 943 562 986 esse
590 920 736 986 videtur.
781 920 839 985 Ad
867 921 1055 1006 quaerendi
1077 921 1222 987 verbnm
1249 921 1449 1010 particula

247 1028 412 1116 ‘semper’,
436 1050 513 1093 cum
535 1027 729 1093 immodesti
750 1026 897 1093 hominis
920 1029 965 1093 sit
980 1050 1140 1116 responso
1163 1051 1233 1094 non
1248 1027 1328 1094 dato
1347 1026 1449 1093 effi·

246 1156 330 1217 cere,
353 1141 393 1200 ut
413 1135 519 1200 semel
542 1142 645 1220 atque
668 1135 792 1200 iterum
812 1135 1004 1222 interroget
1020 1135 1156 1219 amicus,
1179 1135 1333 1201 revocari
1350 1157 1446 1200 non

247 1248 369 1328 potest.
415 1240 526 1327 Atqui
550 1241 747 1330 Propertius
771 1242 907 1330 scripsit
930 1242 948 1306 I
973 1250 1022 1325 20,
1049 1248 1065 1307 1
1190 1296 1193 1304 ,

354 1347 444 1414 ‘Hoc
467 1370 528 1436 pro
553 1349 715 1414 continuo
739 1356 782 1432 te,
807 1348 913 1432 Galle,
937 1371 1112 1414 monemus
1139 1350 1273 1415 amore’.

337 1454 420 1532 Quis
445 1477 526 1541 ergo
549 1453 697 1539 dubitet,
726 1455 811 1541 quin
832 1454 924 1520 idem
947 1455 1054 1522 altero
1078 1456 1152 1522 loco
1176 1457 1332 1544 ‘semper'
1357 1479 1441 1545 pro
1547 1507 1548 1532 ,

247 1583 330 1627 voce
367 1561 555 1628 ‘continua'
592 1562 763 1649 posuerit?
817 1563 936 1649 Neque
966 1563 1004 1628 hi
1038 1563 1219 1651 scriptores
1257 1564 1437 1630 maiorem

246 1668 340 1734 illam
367 1669 439 1734 vim
462 1669 618 1756 ‘semper'
643 1668 804 1735 adverbio
836 1669 1024 1736 attribuere
1049 1670 1257 1736 abnuenmt:
1294 1670 1435 1736 Teren·

248 1776 317 1841 tius
348 1776 385 1841 in
407 1775 557 1860 AndruI
582 1784 610 1860 2,
634 1786 654 1842 4
678 1780 726 1843 ‘et
749 1777 824 1842 heri
848 1799 980 1866 semper
1001 1778 1124 1844 lenitas
1144 1777 1296 1844 Verebar
1319 1800 1435 1863 quor-

245 1904 333 1947 sum·
353 1882 534 1967 evaderet’.
581 1884 687 1950 Oicer.
711 1884 798 1950 Phil
821 1884 933 1950 V114
968 1885 1036 1948 ‘En
1069 1907 1132 1971 ego
1165 1885 1258 1972 pacis
1288 1907 1431 1974 semper
1547 1907 1548 1912 ¹

247 1988 426 2056 laudator&

336 2095 430 2173 Quae
454 2097 624 2184 copulatio
647 2097 787 2163 liberior
808 2121 884 2162 cum
907 2097 1164 2185 ascriptoribus
1181 2097 1328 2164 Graecos
1343 2097 1427 2162 imi-

245 2201 399 2268 tantibus
426 2225 502 2269 raro
530 2211 693 2292 usurpata
720 2205 778 2288 sit,
810 2205 932 2270 vocula
955 2205 1112 2292 ‘semper'
1137 2227 1214 2269 cum
1237 2204 1425 2292 participio

245 2310 431 2396 praesentis
459 2311 515 2376 vel
542 2311 713 2377 adjectivo
745 2311 926 2376 coniuncta
953 2333 1114 2398 persaepe
1142 2310 1286 2377 offertur
1308 2334 1423 2396 neque

244 2415 457 2500 Kuttnerum
480 2418 633 2505 oportuit
655 2417 816 2500 iudicare,
840 2418 1059 2504 Scaligerum,
1076 2417 1305 2483 Passeratium
1320 2417 1423 2482 alios·

246 2545 312 2608 que
334 2524 539 2611 interpretes
563 2524 614 2589 ‘de
629 2524 689 2589 illa
712 2523 954 2610 compositione
978 2524 1177 2589 somniasse’.
1209 2524 1262 2589 Ne
1278 2523 1422 2590 Hertzb.

245 2628 385 2713 quidem
408 2629 616 2718 improbavit
638 2631 775 2695 illorum
798 2630 975 2712 iudicium;
999 2638 1115 2696 tamen
1137 2653 1186 2696 vs.
1209 2631 1227 2695 I
1252 2636 1302 2714 16,
1327 2637 1367 2696 47

357 2736 428 2802 ‘Sic
451 2759 515 2826 ego
538 2759 629 2802 nunc
653 2737 808 2803 dominae
831 2737 927 2803 vitiis
951 2747 985 2802 et
1008 2759 1141 2825 semper
1164 2738 1308 2804 amantis
1336 2771 1338 2778 v

401 2843 559 2910 Fletibus
582 2852 720 2910 aeterna
744 2843 883 2911 differor
905 2844 1059 2910 invidia'.

245 2971 345 3015 voces
369 2953 513 3038 ‘semper
530 2989 572 2999 -
589 2949 739 3016 differor'
764 2950 806 3016 ab
830 2973 869 3017 eo
890 2951 1088 3017 coniunctas
1105 2973 1175 3016 esse
1191 2951 1335 3016 Mueller
1351 2950 1419 3016 iam

244 3057 386 3123 miratus
411 3065 471 3125 est.
504 3057 573 3124 Sed
595 3065 805 3146 quantopere
828 3058 880 3122 illi
903 3064 1094 3123 structurae
1117 3066 1237 3145 poetae
1260 3056 1418 3140 faverint,

245 3187 287 3229 ex
325 3164 378 3229 his
417 3165 579 3253 exemplis
610 3167 820 3252 'cognoscere
852 3164 979 3230 licebit.
1035 3165 1096 3230 Ov.
1129 3165 1210 3229 Met.
1238 3164 1325 3228 VIII
1355 3171 1417 3230 295
1545 3207 1546 3210 =

245 3271 416 3357 ‘Baeaque
448 3294 525 3336 cum
557 3273 658 3337 ramis
687 3293 818 3359 semper
849 3270 1041 3338 frondentis
1074 3270 1205 3337 olivae’.
1251 3271 1321 3336 VII
1346 3279 1417 3336 702.

244 3378 299 3442 XI
325 3384 397 3444 147.
443 3379 545 3465 Verg.
570 3378 630 3444 (ire.
658 3379 695 3444 II
720 3384 792 3444 119.
838 3378 923 3444 Aen.
947 3379 1001 3443 111
1025 3385 1099 3443 496.
1144 3378 1226 3443 Hor.
1250 3377 1286 3441 II
1310 3384 1342 3460 8,
1369 3383 1417 3442 15-

244 3486 318 3552 Iuv.
341 3486 393 3551 VI
418 3492 489 3552 108.
522 3486 610 3550 XIV
636 3493 708 3552 118.
754 3486 866 3574 Priap.
892 3492 942 3570 51,
969 3493 1018 3551 16.

333 3592 516 3659 Adlectivo
531 3592 734 3681 particulam
744 3593 892 3680 ‘semper'
902 3593 1092 3658 iniunctam
1106 3591 1274 3658 videmus:
1291 3591 1413 3676 Ι20,11

352 3699 602 3788 ‘Nympharum
625 3722 757 3789 semper
777 3700 916 3788 cupidas
933 3698 1078 3766 defende
1101 3699 1258 3787 rapinas’.
1291 3699 1381 3782 IV5,
1398 3707 1416 3763 6

350 3805 599 3891 ‘Concordique
614 3812 690 3873 toro
700 3806 844 3894 pessima
860 3829 991 3895 semper
1006 3806 1097 3872 avis‘.
1118 3806 1416 3872 evrausvesa.

243 3913 320 3978 Am.
344 3913 398 3978 HI
423 3920 473 3996 12,
500 3918 526 3977 1.
573 3912 675 3999 Verg.
699 3912 754 3977 XI
780 3919 851 3978 732.
899 3913 1098 3978 (201234.

333 4020 550 4085 Pleonasmus
575 4021 719 4107 ‘semper
734 4019 854 4085 solere’
872 4020 1048 4085 invenitur
1063 4041 1114 4106 ap.
1131 4019 1230 4106 Prop.
1246 4018 1283 4084 H
1300 4026 1350 4102 25,
1368 4025 1415 4084 31.

243 4125 297 4191 HI
322 4135 372 4209 25,
397 4133 425 4192 6.
470 4126 570 4192 Mart.
594 4125 694 4209 Vm,
721 4132 747 4191 1.
794 4126 905 4214 Priap.
931 4133 981 4210 12,
1007 4132 1057 4191 12.
1097 4126 1157 4192 Ov.
1174 4126 1266 4191 Fast.
1283 4125 1338 4190 HI
1354 4132 1414 4191 498

245 4233 400 4299 ‘adsuevi
422 4233 575 4320 semper'.

333 4340 452 4426 Neque
485 4363 566 4407 vero
594 4338 772 4428 Propertio
804 4340 937 4427 ignosci
968 4346 1094 4427 posset,
1126 4340 1156 4405 si
1187 4340 1414 4427 pleonasmum
