<?xml version="1.0" encoding="UTF-8"?>
<!DOCTYPE html PUBLIC "-//W3C//DTD XHTML 1.0 Transitional//EN"
    "http://www.w3.org/TR/xhtml1/DTD/xhtml1-transitional.dtd">
<html xmlns="http://www.w3.org/1999/xhtml" xml:lang="en" lang="en">
 <head>
  <title>
</title>
<meta http-equiv="Content-Type" content="text/html;charset=utf-8" />
  <meta name='ocr-system' content='tesseract 3.04.00' />
  <meta name='ocr-capabilities' content='ocr_page ocr_carea ocr_par ocr_line ocrx_word'/>
</head>
<body>
  <div class='ocr_page' id='page_1' title='image "./desermoneproper00spangoog_0019.png"; bbox 0 0 3164 5132; ppageno 0'>
   <div class='ocr_carea' id='block_1_1' title="bbox 715 315 938 374">
    <p class='ocr_par' dir='ltr' id='par_1_1' title="bbox 715 315 938 374">
     <span class='ocr_line' id='line_1_1' title="bbox 715 315 938 374; baseline 0.009 -18"><span class='ocrx_word' id='word_1_1' title='bbox 715 315 938 374; x_wconf 81' lang='lat'>-11..</span> 
     </span>
    </p>
   </div>
   <div class='ocr_carea' id='block_1_2' title="bbox 237 483 1415 2598">
    <p class='ocr_par' dir='ltr' id='par_1_2' title="bbox 237 483 1415 2386">
     <span class='ocr_line' id='line_1_2' title="bbox 240 483 1414 576; baseline 0.004 -26"><span class='ocrx_word' id='word_1_2' title='bbox 240 484 339 568; x_wconf 85' lang='lat' dir='ltr'><strong>(est)&#39;,</strong></span> <span class='ocrx_word' id='word_1_3' title='bbox 356 483 544 570; x_wconf 80' lang='lat' dir='ltr'>quidquam</span> <span class='ocrx_word' id='word_1_4' title='bbox 559 485 642 551; x_wconf 89' lang='lat' dir='ltr'><strong>novi</strong></span> <span class='ocrx_word' id='word_1_5' title='bbox 657 493 761 572; x_wconf 83' lang='lat' dir='ltr'><strong>atque</strong></span> <span class='ocrx_word' id='word_1_6' title='bbox 776 487 926 552; x_wconf 79' lang='lat' dir='ltr'><strong>inauditi</strong></span> <span class='ocrx_word' id='word_1_7' title='bbox 941 489 1179 576; x_wconf 69' lang='lat' dir='ltr'>proposuisset.</span> <span class='ocrx_word' id='word_1_8' title='bbox 1197 541 1199 546; x_wconf 92' lang='lat'><strong>.</strong></span> <span class='ocrx_word' id='word_1_9' title='bbox 1227 489 1321 566; x_wconf 77' lang='lat' dir='ltr'><strong>Quae</strong></span> <span class='ocrx_word' id='word_1_10' title='bbox 1338 512 1414 555; x_wconf 92' lang='lat' dir='ltr'><strong>cum</strong></span> 
     </span>
     <span class='ocr_line' id='line_1_3' title="bbox 240 589 1413 678; baseline 0.005 -23"><span class='ocrx_word' id='word_1_11' title='bbox 240 591 290 656; x_wconf 88' lang='lat' dir='ltr'><strong>ita</strong></span> <span class='ocrx_word' id='word_1_12' title='bbox 312 591 394 675; x_wconf 90' lang='lat' dir='ltr'><strong>sint,</strong></span> <span class='ocrx_word' id='word_1_13' title='bbox 419 591 541 678; x_wconf 80' lang='lat' dir='ltr'>accipe,</span> <span class='ocrx_word' id='word_1_14' title='bbox 566 614 668 676; x_wconf 87' lang='lat' dir='ltr'><strong>quarn</strong></span> <span class='ocrx_word' id='word_1_15' title='bbox 695 594 901 659; x_wconf 88' lang='lat' dir='ltr'><strong>sententiam</strong></span> <span class='ocrx_word' id='word_1_16' title='bbox 928 593 990 659; x_wconf 93' lang='lat' dir='ltr'><strong>sub</strong></span> <span class='ocrx_word' id='word_1_17' title='bbox 1013 594 1151 660; x_wconf 85' lang='lat' dir='ltr'><strong>traditis</strong></span> <span class='ocrx_word' id='word_1_18' title='bbox 1174 589 1306 661; x_wconf 88' lang='lat' dir='ltr'><strong>voculis</strong></span> <span class='ocrx_word' id='word_1_19' title='bbox 1329 597 1413 662; x_wconf 85' lang='lat' dir='ltr'><strong>‘aut&#39;</strong></span> 
     </span>
     <span class='ocr_line' id='line_1_4' title="bbox 239 697 1414 788; baseline 0.005 -26"><span class='ocrx_word' id='word_1_20' title='bbox 239 697 412 763; x_wconf 78' lang='lat' dir='ltr'><strong>subiciam.</strong></span> <span class='ocrx_word' id='word_1_21' title='bbox 458 698 564 764; x_wconf 85' lang='lat' dir='ltr'><strong>Edito</strong></span> <span class='ocrx_word' id='word_1_22' title='bbox 592 698 708 765; x_wconf 83' lang='lat' dir='ltr'><strong>libello</strong></span> <span class='ocrx_word' id='word_1_23' title='bbox 731 701 930 788; x_wconf 72' lang='lat' dir='ltr'><strong>Propertius</strong></span> <span class='ocrx_word' id='word_1_24' title='bbox 953 699 1071 766; x_wconf 85' lang='lat' dir='ltr'><strong>fabula</strong></span> <span class='ocrx_word' id='word_1_25' title='bbox 1092 700 1206 766; x_wconf 88' lang='lat' dir='ltr'><strong>subito</strong></span> <span class='ocrx_word' id='word_1_26' title='bbox 1228 701 1339 768; x_wconf 83' lang='lat' dir='ltr'><strong>factus</strong></span> <span class='ocrx_word' id='word_1_27' title='bbox 1363 710 1414 768; x_wconf 89' lang='lat' dir='ltr'><strong>est</strong></span> 
     </span>
     <span class='ocr_line' id='line_1_5' title="bbox 240 804 1414 896; baseline 0.004 -26"><span class='ocrx_word' id='word_1_28' title='bbox 240 804 359 870; x_wconf 91' lang='lat' dir='ltr'><strong>eodem</strong></span> <span class='ocrx_word' id='word_1_29' title='bbox 389 805 490 870; x_wconf 91' lang='lat' dir='ltr'><strong>modo</strong></span> <span class='ocrx_word' id='word_1_30' title='bbox 523 813 627 890; x_wconf 85' lang='lat' dir='ltr'><strong>atque</strong></span> <span class='ocrx_word' id='word_1_31' title='bbox 658 806 824 872; x_wconf 89' lang='lat' dir='ltr'><strong>Horatius</strong></span> <span class='ocrx_word' id='word_1_32' title='bbox 857 807 932 895; x_wconf 83' lang='lat' dir='ltr'><strong>(Ep.</strong></span> <span class='ocrx_word' id='word_1_33' title='bbox 960 806 1016 872; x_wconf 93' lang='lat' dir='ltr'><strong>XI</strong></span> <span class='ocrx_word' id='word_1_34' title='bbox 1045 817 1062 873; x_wconf 78' lang='lat'><strong>7</strong></span> <span class='ocrx_word' id='word_1_35' title='bbox 1088 812 1161 896; x_wconf 90' lang='lat' dir='ltr'><strong>‘per</strong></span> <span class='ocrx_word' id='word_1_36' title='bbox 1183 808 1311 893; x_wconf 90' lang='lat' dir='ltr'><strong>urbem,</strong></span> <span class='ocrx_word' id='word_1_37' title='bbox 1334 833 1414 876; x_wconf 91' lang='lat' dir='ltr'><strong>nam</strong></span> 
     </span>
     <span class='ocr_line' id='line_1_6' title="bbox 237 910 1412 1003; baseline 0.003 -27"><span class='ocrx_word' id='word_1_38' title='bbox 237 910 344 998; x_wconf 93' lang='lat' dir='ltr'><strong>pudet</strong></span> <span class='ocrx_word' id='word_1_39' title='bbox 359 911 450 977; x_wconf 89' lang='lat' dir='ltr'><strong>tanti</strong></span> <span class='ocrx_word' id='word_1_40' title='bbox 464 912 552 996; x_wconf 83' lang='lat' dir='ltr'><strong>mali,</strong></span> <span class='ocrx_word' id='word_1_41' title='bbox 568 910 702 978; x_wconf 83' lang='lat' dir='ltr'><strong>Fabula</strong></span> <span class='ocrx_word' id='word_1_42' title='bbox 716 919 844 998; x_wconf 87' lang='lat' dir='ltr'><strong>quanta</strong></span> <span class='ocrx_word' id='word_1_43' title='bbox 853 911 913 997; x_wconf 81' lang='lat' dir='ltr'><strong>fui,</strong></span> <span class='ocrx_word' id='word_1_44' title='bbox 930 913 1167 980; x_wconf 86' lang='lat' dir='ltr'><strong>conviviorum</strong></span> <span class='ocrx_word' id='word_1_45' title='bbox 1176 922 1211 980; x_wconf 89' lang='lat' dir='ltr'><strong>et</strong></span> <span class='ocrx_word' id='word_1_46' title='bbox 1219 916 1374 1003; x_wconf 87' lang='lat' dir='ltr'><strong>paenitet</strong></span> <span class='ocrx_word' id='word_1_47' title='bbox 1382 917 1412 1000; x_wconf 71' lang='lat'><strong>³).</strong></span> 
     </span>
     <span class='ocr_line' id='line_1_7' title="bbox 239 1017 1415 1107; baseline 0.005 -25"><span class='ocrx_word' id='word_1_48' title='bbox 239 1017 309 1083; x_wconf 85' lang='lat' dir='ltr'><strong>Sed</strong></span> <span class='ocrx_word' id='word_1_49' title='bbox 330 1025 466 1083; x_wconf 88' lang='lat' dir='ltr'><strong>tantum</strong></span> <span class='ocrx_word' id='word_1_50' title='bbox 489 1017 597 1103; x_wconf 89' lang='lat' dir='ltr'><strong>abest,</strong></span> <span class='ocrx_word' id='word_1_51' title='bbox 625 1025 666 1084; x_wconf 90' lang='lat' dir='ltr'><strong>ut</strong></span> <span class='ocrx_word' id='word_1_52' title='bbox 688 1027 803 1086; x_wconf 90' lang='lat' dir='ltr'><strong>noster</strong></span> <span class='ocrx_word' id='word_1_53' title='bbox 825 1027 935 1107; x_wconf 89' lang='lat' dir='ltr'><strong>poeta,</strong></span> <span class='ocrx_word' id='word_1_54' title='bbox 959 1021 1048 1086; x_wconf 88' lang='lat' dir='ltr'><strong>sicut</strong></span> <span class='ocrx_word' id='word_1_55' title='bbox 1070 1021 1247 1106; x_wconf 73' lang='lat' dir='ltr'><strong>Horatius,</strong></span> <span class='ocrx_word' id='word_1_56' title='bbox 1270 1044 1343 1087; x_wconf 92' lang='lat' dir='ltr'><strong>rem</strong></span> <span class='ocrx_word' id='word_1_57' title='bbox 1364 1023 1415 1088; x_wconf 90' lang='lat' dir='ltr'><strong>ita</strong></span> 
     </span>
     <span class='ocr_line' id='line_1_8' title="bbox 239 1123 1413 1210; baseline 0.004 -21"><span class='ocrx_word' id='word_1_58' title='bbox 239 1147 274 1190; x_wconf 90' lang='lat' dir='ltr'><strong>se</strong></span> <span class='ocrx_word' id='word_1_59' title='bbox 296 1124 420 1190; x_wconf 89' lang='lat' dir='ltr'><strong>habere</strong></span> <span class='ocrx_word' id='word_1_60' title='bbox 443 1123 616 1190; x_wconf 83' lang='lat' dir='ltr'><strong>liberrime</strong></span> <span class='ocrx_word' id='word_1_61' title='bbox 640 1125 851 1210; x_wconf 86' lang='lat' dir='ltr'><strong>confiteatur,</strong></span> <span class='ocrx_word' id='word_1_62' title='bbox 873 1134 914 1192; x_wconf 90' lang='lat' dir='ltr'><strong>ut</strong></span> <span class='ocrx_word' id='word_1_63' title='bbox 933 1149 1122 1192; x_wconf 90' lang='lat' dir='ltr'><strong>sermonem</strong></span> <span class='ocrx_word' id='word_1_64' title='bbox 1136 1128 1250 1194; x_wconf 85' lang='lat' dir='ltr'><strong>levare</strong></span> <span class='ocrx_word' id='word_1_65' title='bbox 1266 1129 1413 1194; x_wconf 89' lang='lat' dir='ltr'><strong>studeat.</strong></span> 
     </span>
     <span class='ocr_line' id='line_1_9' title="bbox 238 1229 1412 1320; baseline 0.003 -24"><span class='ocrx_word' id='word_1_66' title='bbox 238 1231 359 1316; x_wconf 73' lang='lat' dir='ltr'><strong>Itaque</strong></span> <span class='ocrx_word' id='word_1_67' title='bbox 383 1231 415 1296; x_wconf 89' lang='lat' dir='ltr'><strong>ei</strong></span> <span class='ocrx_word' id='word_1_68' title='bbox 437 1229 594 1316; x_wconf 88' lang='lat' dir='ltr'><strong>obicitur,</strong></span> <span class='ocrx_word' id='word_1_69' title='bbox 618 1253 689 1298; x_wconf 89' lang='lat' dir='ltr'><strong>sese</strong></span> <span class='ocrx_word' id='word_1_70' title='bbox 705 1233 907 1318; x_wconf 85' lang='lat' dir='ltr'><strong>neutiquam</strong></span> <span class='ocrx_word' id='word_1_71' title='bbox 922 1233 1076 1299; x_wconf 90' lang='lat' dir='ltr'><strong>obtinere</strong></span> <span class='ocrx_word' id='word_1_72' title='bbox 1096 1235 1273 1320; x_wconf 90' lang='lat' dir='ltr'><strong>antiquam</strong></span> <span class='ocrx_word' id='word_1_73' title='bbox 1289 1237 1412 1300; x_wconf 91' lang='lat' dir='ltr'><strong>amoris</strong></span> 
     </span>
     <span class='ocr_line' id='line_1_10' title="bbox 238 1337 1412 1428; baseline 0.004 -26"><span class='ocrx_word' id='word_1_74' title='bbox 238 1338 412 1422; x_wconf 89' lang='lat' dir='ltr'><strong>rationem,</strong></span> <span class='ocrx_word' id='word_1_75' title='bbox 446 1359 532 1422; x_wconf 85' lang='lat' dir='ltr'><strong>quae</strong></span> <span class='ocrx_word' id='word_1_76' title='bbox 563 1337 609 1403; x_wconf 89' lang='lat' dir='ltr'><strong>sit</strong></span> <span class='ocrx_word' id='word_1_77' title='bbox 632 1342 705 1405; x_wconf 84' lang='lat' dir='ltr'><strong>‘aut</strong></span> <span class='ocrx_word' id='word_1_78' title='bbox 727 1339 838 1427; x_wconf 89' lang='lat' dir='ltr'><strong>pudor</strong></span> <span class='ocrx_word' id='word_1_79' title='bbox 869 1340 1040 1426; x_wconf 88' lang='lat' dir='ltr'><strong>ingenuus</strong></span> <span class='ocrx_word' id='word_1_80' title='bbox 1062 1339 1290 1428; x_wconf 83' lang='lat' dir='ltr'><strong>(freimiitiges</strong></span> <span class='ocrx_word' id='word_1_81' title='bbox 1313 1341 1412 1426; x_wconf 69' lang='lat' dir='ltr'><strong>Son),</strong></span> 
     </span>
     <span class='ocr_line' id='line_1_11' title="bbox 239 1443 1412 1533; baseline 0.005 -25"><span class='ocrx_word' id='word_1_82' title='bbox 239 1451 298 1509; x_wconf 91' lang='lat' dir='ltr'><strong>aut</strong></span> <span class='ocrx_word' id='word_1_83' title='bbox 329 1443 524 1510; x_wconf 81' lang='lat' dir='ltr'><strong>reticendus</strong></span> <span class='ocrx_word' id='word_1_84' title='bbox 556 1445 662 1510; x_wconf 91' lang='lat' dir='ltr'><strong>amor’</strong></span> <span class='ocrx_word' id='word_1_85' title='bbox 691 1445 760 1529; x_wconf 90' lang='lat' dir='ltr'><strong>(ein</strong></span> <span class='ocrx_word' id='word_1_86' title='bbox 793 1446 1058 1533; x_wconf 84' lang='lat' dir='ltr'><strong>Verschvveigen</strong></span> <span class='ocrx_word' id='word_1_87' title='bbox 1091 1445 1150 1512; x_wconf 89' lang='lat' dir='ltr'><strong>des</strong></span> <span class='ocrx_word' id='word_1_88' title='bbox 1181 1446 1412 1532; x_wconf 87' lang='lat' dir='ltr'><strong>Liebesverh.)</strong></span> 
     </span>
     <span class='ocr_line' id='line_1_12' title="bbox 240 1550 1413 1643; baseline 0.003 -27"><span class='ocrx_word' id='word_1_89' title='bbox 240 1550 370 1628; x_wconf 80' lang='lat' dir='ltr'><strong>Quodsi</strong></span> <span class='ocrx_word' id='word_1_90' title='bbox 392 1551 429 1618; x_wconf 90' lang='lat' dir='ltr'><strong>in</strong></span> <span class='ocrx_word' id='word_1_91' title='bbox 453 1558 604 1617; x_wconf 85' lang='lat' dir='ltr'><strong>extrema</strong></span> <span class='ocrx_word' id='word_1_92' title='bbox 625 1553 720 1618; x_wconf 90' lang='lat' dir='ltr'><strong>vocis</strong></span> <span class='ocrx_word' id='word_1_93' title='bbox 743 1553 936 1639; x_wconf 89' lang='lat' dir='ltr'><strong>‘ingenuus&#39;</strong></span> <span class='ocrx_word' id='word_1_94' title='bbox 953 1553 1084 1640; x_wconf 87' lang='lat' dir='ltr'><strong>syllaba</strong></span> <span class='ocrx_word' id='word_1_95' title='bbox 1100 1553 1252 1637; x_wconf 83' lang='lat' dir='ltr'><strong>offendis,</strong></span> <span class='ocrx_word' id='word_1_96' title='bbox 1268 1555 1413 1643; x_wconf 88' lang='lat' dir='ltr'><strong>Hauptii</strong></span> 
     </span>
     <span class='ocr_line' id='line_1_13' title="bbox 238 1656 1414 1747; baseline 0.003 -25"><span class='ocrx_word' id='word_1_97' title='bbox 238 1656 462 1724; x_wconf 88' lang='lat' dir='ltr'><strong>mutationem</strong></span> <span class='ocrx_word' id='word_1_98' title='bbox 486 1658 669 1745; x_wconf 89' lang='lat' dir='ltr'><strong>‘ingenuis&#39;</strong></span> <span class='ocrx_word' id='word_1_99' title='bbox 686 1658 809 1747; x_wconf 88' lang='lat' dir='ltr'><strong>probes</strong></span> <span class='ocrx_word' id='word_1_100' title='bbox 824 1659 952 1725; x_wconf 84' lang='lat' dir='ltr'><strong>licebit.</strong></span> <span class='ocrx_word' id='word_1_101' title='bbox 988 1660 1109 1745; x_wconf 87' lang='lat' dir='ltr'><strong>Neque</strong></span> <span class='ocrx_word' id='word_1_102' title='bbox 1124 1661 1215 1725; x_wconf 91' lang='lat' dir='ltr'><strong>enim</strong></span> <span class='ocrx_word' id='word_1_103' title='bbox 1234 1661 1294 1726; x_wconf 90' lang='lat' dir='ltr'><strong>illa</strong></span> <span class='ocrx_word' id='word_1_104' title='bbox 1308 1662 1414 1727; x_wconf 85' lang='lat' dir='ltr'><strong>inter·</strong></span> 
     </span>
     <span class='ocr_line' id='line_1_14' title="bbox 237 1765 1413 1852; baseline 0.004 -23"><span class='ocrx_word' id='word_1_105' title='bbox 237 1765 424 1852; x_wconf 87' lang='lat' dir='ltr'><strong>pretatiom&#39;</strong></span> <span class='ocrx_word' id='word_1_106' title='bbox 454 1786 548 1830; x_wconf 90' lang='lat' dir='ltr'><strong>meae</strong></span> <span class='ocrx_word' id='word_1_107' title='bbox 580 1765 763 1850; x_wconf 78' lang='lat' dir='ltr'><strong>nocebit1);</strong></span> <span class='ocrx_word' id='word_1_108' title='bbox 796 1767 864 1832; x_wconf 87' lang='lat' dir='ltr'><strong>nisi</strong></span> <span class='ocrx_word' id='word_1_109' title='bbox 887 1767 987 1852; x_wconf 92' lang='lat' dir='ltr'><strong>quod,</strong></span> <span class='ocrx_word' id='word_1_110' title='bbox 1011 1789 1086 1832; x_wconf 91' lang='lat' dir='ltr'><strong>cum</strong></span> <span class='ocrx_word' id='word_1_111' title='bbox 1110 1767 1190 1832; x_wconf 87' lang='lat' dir='ltr'><strong>talis</strong></span> <span class='ocrx_word' id='word_1_112' title='bbox 1221 1769 1413 1834; x_wconf 87' lang='lat' dir='ltr'><strong>sententiae</strong></span> 
     </span>
     <span class='ocr_line' id='line_1_15' title="bbox 237 1870 1413 1962; baseline 0.003 -26"><span class='ocrx_word' id='word_1_113' title='bbox 237 1870 375 1937; x_wconf 88' lang='lat' dir='ltr'><strong>habitus</strong></span> <span class='ocrx_word' id='word_1_114' title='bbox 406 1873 566 1958; x_wconf 88' lang='lat' dir='ltr'><strong>postulet,</strong></span> <span class='ocrx_word' id='word_1_115' title='bbox 588 1880 629 1938; x_wconf 85' lang='lat' dir='ltr'><strong>ut</strong></span> <span class='ocrx_word' id='word_1_116' title='bbox 652 1875 773 1961; x_wconf 87' lang='lat' dir='ltr'><strong>copula</strong></span> <span class='ocrx_word' id='word_1_117' title='bbox 796 1875 872 1939; x_wconf 84' lang='lat' dir='ltr'><strong>‘est‘</strong></span> <span class='ocrx_word' id='word_1_118' title='bbox 896 1875 1101 1962; x_wconf 85' lang='lat' dir='ltr'><strong>suppleatur,</strong></span> <span class='ocrx_word' id='word_1_119' title='bbox 1125 1874 1228 1960; x_wconf 92' lang='lat' dir='ltr'><strong>vigor</strong></span> <span class='ocrx_word' id='word_1_120' title='bbox 1249 1875 1413 1940; x_wconf 87' lang='lat' dir='ltr'><strong>orationis</strong></span> 
     </span>
     <span class='ocr_line' id='line_1_16' title="bbox 239 1979 1413 2066; baseline 0.004 -24"><span class='ocrx_word' id='word_1_121' title='bbox 239 1979 484 2066; x_wconf 85' lang='lat' dir='ltr'><strong>Propertianae</strong></span> <span class='ocrx_word' id='word_1_122' title='bbox 522 1979 736 2064; x_wconf 89' lang='lat' dir='ltr'><strong>aliquantum</strong></span> <span class='ocrx_word' id='word_1_123' title='bbox 768 1979 949 2046; x_wconf 83' lang='lat' dir='ltr'><strong>minuetur.</strong></span> <span class='ocrx_word' id='word_1_124' title='bbox 1004 1981 1054 2048; x_wconf 89' lang='lat' dir='ltr'><strong>Ut</strong></span> <span class='ocrx_word' id='word_1_125' title='bbox 1085 2002 1148 2066; x_wconf 90' lang='lat' dir='ltr'><strong>ego</strong></span> <span class='ocrx_word' id='word_1_126' title='bbox 1179 1981 1217 2044; x_wconf 92' lang='lat' dir='ltr'><strong>in</strong></span> <span class='ocrx_word' id='word_1_127' title='bbox 1248 1980 1413 2047; x_wconf 92' lang='lat' dir='ltr'><strong>librorum</strong></span> 
     </span>
     <span class='ocr_line' id='line_1_17' title="bbox 238 2084 1413 2174; baseline 0.003 -25"><span class='ocrx_word' id='word_1_128' title='bbox 238 2084 442 2172; x_wconf 89' lang='lat' dir='ltr'><strong>scriptorum</strong></span> <span class='ocrx_word' id='word_1_129' title='bbox 472 2086 620 2152; x_wconf 90' lang='lat' dir='ltr'><strong>lectione</strong></span> <span class='ocrx_word' id='word_1_130' title='bbox 655 2107 919 2174; x_wconf 86' lang='lat' dir='ltr'><strong>perseverarem,</strong></span> <span class='ocrx_word' id='word_1_131' title='bbox 951 2085 1032 2152; x_wconf 91' lang='lat' dir='ltr'><strong>inde</strong></span> <span class='ocrx_word' id='word_1_132' title='bbox 1062 2085 1192 2151; x_wconf 85' lang='lat' dir='ltr'><strong>factum</strong></span> <span class='ocrx_word' id='word_1_133' title='bbox 1224 2095 1288 2172; x_wconf 88' lang='lat' dir='ltr'><strong>est,</strong></span> <span class='ocrx_word' id='word_1_134' title='bbox 1321 2088 1413 2173; x_wconf 90' lang='lat' dir='ltr'><strong>quod</strong></span> 
     </span>
     <span class='ocr_line' id='line_1_18' title="bbox 238 2191 1412 2280; baseline 0.003 -24"><span class='ocrx_word' id='word_1_135' title='bbox 238 2198 353 2257; x_wconf 92' lang='lat' dir='ltr'><strong>noster</strong></span> <span class='ocrx_word' id='word_1_136' title='bbox 380 2198 482 2279; x_wconf 89' lang='lat' dir='ltr'><strong>poeta</strong></span> <span class='ocrx_word' id='word_1_137' title='bbox 508 2192 545 2257; x_wconf 91' lang='lat' dir='ltr'><strong>in</strong></span> <span class='ocrx_word' id='word_1_138' title='bbox 569 2193 688 2258; x_wconf 90' lang='lat' dir='ltr'><strong>eodem</strong></span> <span class='ocrx_word' id='word_1_139' title='bbox 709 2194 916 2280; x_wconf 87' lang='lat' dir='ltr'><strong>pentametri</strong></span> <span class='ocrx_word' id='word_1_140' title='bbox 938 2193 1025 2280; x_wconf 90' lang='lat' dir='ltr'><strong>pede</strong></span> <span class='ocrx_word' id='word_1_141' title='bbox 1047 2191 1191 2258; x_wconf 79' lang='lat' dir='ltr'><strong>formam</strong></span> <span class='ocrx_word' id='word_1_142' title='bbox 1213 2192 1312 2258; x_wconf 91' lang='lat' dir='ltr'><strong>verbi</strong></span> <span class='ocrx_word' id='word_1_143' title='bbox 1335 2194 1412 2259; x_wconf 90' lang='lat' dir='ltr'><strong>vin·</strong></span> 
     </span>
     <span class='ocr_line' id='line_1_19' title="bbox 238 2297 1224 2386; baseline 0.002 -24"><span class='ocrx_word' id='word_1_144' title='bbox 238 2297 339 2362; x_wconf 84' lang='lat' dir='ltr'><strong>cendi</strong></span> <span class='ocrx_word' id='word_1_145' title='bbox 364 2299 479 2386; x_wconf 87' lang='lat' dir='ltr'><strong>posuit</strong></span> <span class='ocrx_word' id='word_1_146' title='bbox 506 2299 542 2363; x_wconf 88' lang='lat' dir='ltr'><strong>H</strong></span> <span class='ocrx_word' id='word_1_147' title='bbox 567 2306 595 2383; x_wconf 92' lang='lat'><strong>8,</strong></span> <span class='ocrx_word' id='word_1_148' title='bbox 625 2307 643 2365; x_wconf 91' lang='lat'>8</span> <span class='ocrx_word' id='word_1_149' title='bbox 669 2299 838 2366; x_wconf 84' lang='lat' dir='ltr'><strong>‘Vinceris</strong></span> <span class='ocrx_word' id='word_1_150' title='bbox 862 2307 922 2366; x_wconf 87' lang='lat' dir='ltr'><strong>aut</strong></span> <span class='ocrx_word' id='word_1_151' title='bbox 944 2299 1063 2384; x_wconf 91' lang='lat' dir='ltr'><strong>vincis,</strong></span> <span class='ocrx_word' id='word_1_152' title='bbox 1087 2299 1224 2385; x_wconf 69' lang='lat' dir='ltr'><strong>haec&#39;.⁹)</strong></span> 
     </span>
    </p>

    <p class='ocr_par' dir='ltr' id='par_1_3' title="bbox 237 2404 1412 2598">
     <span class='ocr_line' id='line_1_20' title="bbox 326 2404 1412 2493; baseline 0.001 -23"><span class='ocrx_word' id='word_1_153' title='bbox 326 2404 375 2471; x_wconf 88' lang='lat' dir='ltr'><strong>At</strong></span> <span class='ocrx_word' id='word_1_154' title='bbox 407 2427 622 2491; x_wconf 89' lang='lat' dir='ltr'><strong>nequaquam</strong></span> <span class='ocrx_word' id='word_1_155' title='bbox 653 2405 792 2471; x_wconf 89' lang='lat' dir='ltr'><strong>Lachm.</strong></span> <span class='ocrx_word' id='word_1_156' title='bbox 820 2407 917 2472; x_wconf 89' lang='lat' dir='ltr'><strong>illurn</strong></span> <span class='ocrx_word' id='word_1_157' title='bbox 945 2428 1080 2473; x_wconf 87' lang='lat' dir='ltr'><strong>versum</strong></span> <span class='ocrx_word' id='word_1_158' title='bbox 1104 2405 1146 2470; x_wconf 91' lang='lat' dir='ltr'><strong>ab</strong></span> <span class='ocrx_word' id='word_1_159' title='bbox 1169 2406 1412 2493; x_wconf 83' lang='lat' dir='ltr'><strong>interpolatore</strong></span> 
     </span>
     <span class='ocr_line' id='line_1_21' title="bbox 237 2510 1410 2598; baseline 0.002 -22"><span class='ocrx_word' id='word_1_160' title='bbox 237 2510 428 2598; x_wconf 88' lang='lat' dir='ltr'><strong>profectum</strong></span> <span class='ocrx_word' id='word_1_161' title='bbox 452 2535 522 2578; x_wconf 90' lang='lat' dir='ltr'><strong>esse</strong></span> <span class='ocrx_word' id='word_1_162' title='bbox 545 2520 637 2578; x_wconf 91' lang='lat' dir='ltr'><strong>recte</strong></span> <span class='ocrx_word' id='word_1_163' title='bbox 660 2512 834 2579; x_wconf 88' lang='lat' dir='ltr'><strong>iudicavit.</strong></span> <span class='ocrx_word' id='word_1_164' title='bbox 880 2513 1018 2578; x_wconf 84' lang='lat' dir='ltr'><strong>Etenim</strong></span> <span class='ocrx_word' id='word_1_165' title='bbox 1040 2511 1169 2578; x_wconf 85' lang='lat' dir='ltr'><strong>formae</strong></span> <span class='ocrx_word' id='word_1_166' title='bbox 1192 2512 1290 2579; x_wconf 91' lang='lat' dir='ltr'><strong>verbi</strong></span> <span class='ocrx_word' id='word_1_167' title='bbox 1313 2514 1410 2579; x_wconf 81' lang='lat' dir='ltr'><strong>‘esse&#39;</strong></span> 
     </span>
    </p>
   </div>
   <div class='ocr_carea' id='block_1_3' title="bbox 238 2617 1411 2811">
    <p class='ocr_par' dir='ltr' id='par_1_4' title="bbox 238 2617 1411 2811">
     <span class='ocr_line' id='line_1_22' title="bbox 238 2617 1174 2707; baseline 0.002 -25"><span class='ocrx_word' id='word_1_168' title='bbox 238 2640 309 2683; x_wconf 90' lang='lat' dir='ltr'><strong>non</strong></span> <span class='ocrx_word' id='word_1_169' title='bbox 331 2617 387 2683; x_wconf 89' lang='lat' dir='ltr'><strong>hic</strong></span> <span class='ocrx_word' id='word_1_170' title='bbox 410 2619 519 2684; x_wconf 87' lang='lat' dir='ltr'><strong>solum</strong></span> <span class='ocrx_word' id='word_1_171' title='bbox 541 2619 748 2707; x_wconf 87' lang='lat' dir='ltr'><strong>repudiatae,</strong></span> <span class='ocrx_word' id='word_1_172' title='bbox 771 2619 831 2685; x_wconf 91' lang='lat' dir='ltr'><strong>sed</strong></span> <span class='ocrx_word' id='word_1_173' title='bbox 855 2620 958 2685; x_wconf 86' lang='lat' dir='ltr'><strong>etiam</strong></span> <span class='ocrx_word' id='word_1_174' title='bbox 981 2621 1035 2684; x_wconf 86' lang='grc' dir='ltr'><strong>ΙΠ</strong></span> <span class='ocrx_word' id='word_1_175' title='bbox 1060 2626 1109 2704; x_wconf 88' lang='lat'><strong>13,</strong></span> <span class='ocrx_word' id='word_1_176' title='bbox 1135 2627 1174 2685; x_wconf 87' lang='grc'><strong>61</strong></span> 
     </span>
     <span class='ocr_line' id='line_1_23' title="bbox 350 2725 1411 2811; baseline 0.001 -21"><span class='ocrx_word' id='word_1_177' title='bbox 350 2725 466 2791; x_wconf 82' lang='lat' dir='ltr'><strong>‘Certa</strong></span> <span class='ocrx_word' id='word_1_178' title='bbox 487 2726 616 2811; x_wconf 92' lang='lat' dir='ltr'><strong>loquor,</strong></span> <span class='ocrx_word' id='word_1_179' title='bbox 632 2726 693 2791; x_wconf 87' lang='lat' dir='ltr'><strong>sed</strong></span> <span class='ocrx_word' id='word_1_180' title='bbox 707 2727 801 2791; x_wconf 88' lang='lat' dir='ltr'><strong>nulla</strong></span> <span class='ocrx_word' id='word_1_181' title='bbox 816 2726 912 2792; x_wconf 89' lang='lat' dir='ltr'><strong>fides:</strong></span> <span class='ocrx_word' id='word_1_182' title='bbox 931 2749 1039 2811; x_wconf 93' lang='lat' dir='ltr'><strong>neque</strong></span> <span class='ocrx_word' id='word_1_183' title='bbox 1054 2727 1146 2791; x_wconf 90' lang='lat' dir='ltr'><strong>enim</strong></span> <span class='ocrx_word' id='word_1_184' title='bbox 1160 2726 1225 2791; x_wconf 88' lang='lat' dir='ltr'><strong>llia</strong></span> <span class='ocrx_word' id='word_1_185' title='bbox 1240 2725 1411 2811; x_wconf 88' lang='lat' dir='ltr'><strong>quondam</strong></span> 
     </span>
    </p>
   </div>
   <div class='ocr_carea' id='block_1_4' title="bbox 208 2832 1412 3666">
    <p class='ocr_par' dir='ltr' id='par_1_5' title="bbox 238 2832 1294 3028">
     <span class='ocr_line' id='line_1_24' title="bbox 348 2832 1159 2919; baseline -0.001 -22"><span class='ocrx_word' id='word_1_186' title='bbox 348 2833 462 2898; x_wconf 82' lang='lat' dir='ltr'><strong>Verax</strong></span> <span class='ocrx_word' id='word_1_187' title='bbox 485 2834 679 2919; x_wconf 87' lang='lat' dir='ltr'><strong>Pergameis</strong></span> <span class='ocrx_word' id='word_1_188' title='bbox 702 2855 838 2898; x_wconf 87' lang='lat' dir='ltr'><strong>maenas</strong></span> <span class='ocrx_word' id='word_1_189' title='bbox 861 2832 1017 2899; x_wconf 90' lang='lat' dir='ltr'><strong>habenda</strong></span> <span class='ocrx_word' id='word_1_190' title='bbox 1039 2833 1159 2897; x_wconf 86' lang='lat' dir='ltr'><strong>malis’.</strong></span> 
     </span>
     <span class='ocr_line' id='line_1_25' title="bbox 238 2939 1294 3028; baseline -0.001 -24"><span class='ocrx_word' id='word_1_191' title='bbox 238 2945 416 3023; x_wconf 86' lang='lat' dir='ltr'><strong>testantur,</strong></span> <span class='ocrx_word' id='word_1_192' title='bbox 440 2939 613 3005; x_wconf 87' lang='lat' dir='ltr'><strong>talismodi</strong></span> <span class='ocrx_word' id='word_1_193' title='bbox 635 2947 823 3005; x_wconf 89' lang='lat' dir='ltr'><strong>structuras</strong></span> <span class='ocrx_word' id='word_1_194' title='bbox 846 2941 1016 3028; x_wconf 77' lang='lat' dir='ltr'><strong>Propertii</strong></span> <span class='ocrx_word' id='word_1_195' title='bbox 1037 2940 1192 3027; x_wconf 90' lang='lat' dir='ltr'><strong>proprias</strong></span> <span class='ocrx_word' id='word_1_196' title='bbox 1215 2961 1294 3004; x_wconf 90' lang='lat' dir='ltr'><strong>esse.</strong></span> 
     </span>
    </p>

    <p class='ocr_par' dir='ltr' id='par_1_6' title="bbox 208 3045 1412 3354">
     <span class='ocr_line' id='line_1_26' title="bbox 325 3045 1412 3133; baseline 0.001 -23"><span class='ocrx_word' id='word_1_197' title='bbox 325 3046 469 3133; x_wconf 87' lang='lat' dir='ltr'><strong>Hauptii</strong></span> <span class='ocrx_word' id='word_1_198' title='bbox 492 3047 696 3112; x_wconf 86' lang='lat' dir='ltr'><strong>sententiam</strong></span> <span class='ocrx_word' id='word_1_199' title='bbox 719 3047 843 3133; x_wconf 89' lang='lat' dir='ltr'><strong>reliqui</strong></span> <span class='ocrx_word' id='word_1_200' title='bbox 858 3046 971 3112; x_wconf 88' lang='lat' dir='ltr'><strong>critici</strong></span> <span class='ocrx_word' id='word_1_201' title='bbox 985 3046 1095 3111; x_wconf 87' lang='lat' dir='ltr'><strong>secuti</strong></span> <span class='ocrx_word' id='word_1_202' title='bbox 1110 3052 1198 3111; x_wconf 89' lang='lat' dir='ltr'><strong>sunt.</strong></span> <span class='ocrx_word' id='word_1_203' title='bbox 1237 3045 1412 3111; x_wconf 87' lang='lat' dir='ltr'><strong>Baehrens</strong></span> 
     </span>
     <span class='ocr_line' id='line_1_27' title="bbox 238 3152 1409 3241; baseline 0.001 -24"><span class='ocrx_word' id='word_1_204' title='bbox 238 3152 375 3236; x_wconf 91' lang='lat' dir='ltr'><strong>quidem</strong></span> <span class='ocrx_word' id='word_1_205' title='bbox 398 3153 482 3217; x_wconf 85' lang='lat' dir='ltr'><strong>‘aut’</strong></span> <span class='ocrx_word' id='word_1_206' title='bbox 507 3153 658 3237; x_wconf 88' lang='lat' dir='ltr'><strong>retinuit,</strong></span> <span class='ocrx_word' id='word_1_207' title='bbox 681 3175 801 3219; x_wconf 89' lang='lat' dir='ltr'><strong>verum</strong></span> <span class='ocrx_word' id='word_1_208' title='bbox 824 3153 1007 3240; x_wconf 86' lang='lat' dir='ltr'><strong>‘ingenuis&#39;</strong></span> <span class='ocrx_word' id='word_1_209' title='bbox 1031 3160 1134 3238; x_wconf 90' lang='lat' dir='ltr'><strong>atque</strong></span> <span class='ocrx_word' id='word_1_210' title='bbox 1154 3153 1250 3241; x_wconf 89' lang='lat' dir='ltr'><strong>nulla</strong></span> <span class='ocrx_word' id='word_1_211' title='bbox 1264 3153 1409 3218; x_wconf 89' lang='lat' dir='ltr'><strong>necessi-</strong></span> 
     </span>
     <span class='ocr_line' id='line_1_28' title="bbox 208 3259 891 3354; baseline 0.001 -31"><span class='ocrx_word' id='word_1_212' title='bbox 208 3344 214 3354; x_wconf 33' lang='grc' dir='ltr'>Ι</span> <span class='ocrx_word' id='word_1_213' title='bbox 237 3266 309 3324; x_wconf 89' lang='lat' dir='ltr'><strong>tate</strong></span> <span class='ocrx_word' id='word_1_214' title='bbox 333 3266 477 3345; x_wconf 85' lang='lat' dir='ltr'><strong>cogente</strong></span> <span class='ocrx_word' id='word_1_215' title='bbox 500 3259 722 3324; x_wconf 81' lang='lat' dir='ltr'><strong>‘retinendus&#39;</strong></span> <span class='ocrx_word' id='word_1_216' title='bbox 747 3260 891 3348; x_wconf 90' lang='lat' dir='ltr'><strong>scripsit.</strong></span> 
     </span>
    </p>

    <p class='ocr_par' dir='ltr' id='par_1_7' title="bbox 237 3364 1412 3666">
     <span class='ocr_line' id='line_1_29' title="bbox 328 3364 1412 3453; baseline 0 -23"><span class='ocrx_word' id='word_1_217' title='bbox 328 3373 356 3430; x_wconf 87' lang='lat'><strong>2.</strong></span> <span class='ocrx_word' id='word_1_218' title='bbox 389 3365 475 3430; x_wconf 80' lang='lat' dir='ltr'><strong>(lum</strong></span> <span class='ocrx_word' id='word_1_219' title='bbox 499 3366 687 3453; x_wconf 89' lang='lat' dir='ltr'><strong>complures</strong></span> <span class='ocrx_word' id='word_1_220' title='bbox 710 3367 808 3451; x_wconf 91' lang='lat' dir='ltr'><strong>locos,</strong></span> <span class='ocrx_word' id='word_1_221' title='bbox 832 3365 892 3431; x_wconf 93' lang='lat' dir='ltr'><strong>ubi</strong></span> <span class='ocrx_word' id='word_1_222' title='bbox 914 3365 1070 3452; x_wconf 80' lang='lat' dir='ltr'><strong>negativi</strong></span> <span class='ocrx_word' id='word_1_223' title='bbox 1091 3364 1250 3431; x_wconf 87' lang='lat' dir='ltr'><strong>vocabuli</strong></span> <span class='ocrx_word' id='word_1_224' title='bbox 1272 3364 1345 3432; x_wconf 90' lang='lat' dir='ltr'><strong>vim</strong></span> <span class='ocrx_word' id='word_1_225' title='bbox 1368 3365 1412 3430; x_wconf 87' lang='lat' dir='ltr'><strong>ad</strong></span> 
     </span>
     <span class='ocr_line' id='line_1_30' title="bbox 238 3473 1412 3560; baseline 0.001 -24"><span class='ocrx_word' id='word_1_226' title='bbox 238 3478 418 3556; x_wconf 89' lang='lat' dir='ltr'><strong>sequentes</strong></span> <span class='ocrx_word' id='word_1_227' title='bbox 446 3473 583 3538; x_wconf 89' lang='lat' dir='ltr'><strong>voculas</strong></span> <span class='ocrx_word' id='word_1_228' title='bbox 612 3473 697 3538; x_wconf 81' lang='lat' dir='ltr'><strong>‘aut’</strong></span> <span class='ocrx_word' id='word_1_229' title='bbox 727 3480 761 3538; x_wconf 94' lang='lat' dir='ltr'><strong>et</strong></span> <span class='ocrx_word' id='word_1_230' title='bbox 789 3473 857 3539; x_wconf 81' lang='lat' dir='ltr'><strong>‘ve&#39;</strong></span> <span class='ocrx_word' id='word_1_231' title='bbox 885 3473 1056 3560; x_wconf 90' lang='lat' dir='ltr'><strong>pertinere</strong></span> <span class='ocrx_word' id='word_1_232' title='bbox 1083 3479 1237 3559; x_wconf 87' lang='lat' dir='ltr'><strong>apertum</strong></span> <span class='ocrx_word' id='word_1_233' title='bbox 1262 3473 1412 3556; x_wconf 72' lang='lat' dir='ltr'><strong>ostiam</strong></span> 
     </span>
     <span class='ocr_line' id='line_1_31' title="bbox 237 3578 1333 3666; baseline -0.002 -22"><span class='ocrx_word' id='word_1_234' title='bbox 237 3578 443 3663; x_wconf 80' lang='lat' dir='ltr'><strong>Vahlenus³)</strong></span> <span class='ocrx_word' id='word_1_235' title='bbox 468 3580 633 3664; x_wconf 87' lang='lat' dir='ltr'><strong>attulerit,</strong></span> <span class='ocrx_word' id='word_1_236' title='bbox 657 3580 872 3666; x_wconf 90' lang='lat' dir='ltr'><strong>relinquitur,</strong></span> <span class='ocrx_word' id='word_1_237' title='bbox 895 3588 935 3646; x_wconf 91' lang='lat' dir='ltr'><strong>ut</strong></span> <span class='ocrx_word' id='word_1_238' title='bbox 958 3579 995 3644; x_wconf 94' lang='lat' dir='ltr'><strong>hi</strong></span> <span class='ocrx_word' id='word_1_239' title='bbox 1018 3586 1333 3645; x_wconf 89' lang='lat' dir='ltr'><strong>commemorentur:</strong></span> 
     </span>
    </p>
   </div>
   <div class='ocr_carea' id='block_1_5' title="bbox 237 3807 1412 4237">
    <p class='ocr_par' dir='ltr' id='par_1_8' title="bbox 237 3807 1412 4147">
     <span class='ocr_line' id='line_1_32' title="bbox 327 3807 1410 3880; baseline -0.003 -15"><span class='ocrx_word' id='word_1_240' title='bbox 327 3812 348 3880; x_wconf 91' lang='lat'><strong>¹)</strong></span> <span class='ocrx_word' id='word_1_241' title='bbox 370 3809 442 3865; x_wconf 86' lang='lat' dir='ltr'><strong>Nam</strong></span> <span class='ocrx_word' id='word_1_242' title='bbox 464 3809 509 3864; x_wconf 87' lang='lat' dir='ltr'><strong>hic</strong></span> <span class='ocrx_word' id='word_1_243' title='bbox 532 3825 643 3879; x_wconf 87' lang='lat' dir='ltr'><strong>quoque</strong></span> <span class='ocrx_word' id='word_1_244' title='bbox 668 3809 759 3864; x_wconf 87' lang='lat' dir='ltr'><strong>verbis</strong></span> <span class='ocrx_word' id='word_1_245' title='bbox 778 3809 841 3864; x_wconf 80' lang='lat' dir='ltr'><strong>‘Oui</strong></span> <span class='ocrx_word' id='word_1_246' title='bbox 859 3827 916 3864; x_wconf 91' lang='lat' dir='ltr'><strong>non</strong></span> <span class='ocrx_word' id='word_1_247' title='bbox 935 3852 961 3864; x_wconf 92' lang='lat'><strong>..</strong></span> <span class='ocrx_word' id='word_1_248' title='bbox 981 3809 1132 3880; x_wconf 85' lang='lat' dir='ltr'><strong>adspergat</strong></span> <span class='ocrx_word' id='word_1_249' title='bbox 1149 3813 1277 3878; x_wconf 86' lang='lat' dir='ltr'><strong>tempora</strong></span> <span class='ocrx_word' id='word_1_250' title='bbox 1295 3807 1410 3862; x_wconf 86' lang='lat' dir='ltr'><strong>sudor‘?&#39;</strong></span> 
     </span>
     <span class='ocr_line' id='line_1_33' title="bbox 237 3897 1412 3970; baseline 0 -16"><span class='ocrx_word' id='word_1_251' title='bbox 237 3899 369 3970; x_wconf 81' lang='lat' dir='ltr'><strong>respectis</strong></span> <span class='ocrx_word' id='word_1_252' title='bbox 391 3899 561 3970; x_wconf 87' lang='lat' dir='ltr'><strong>interpretor</strong></span> <span class='ocrx_word' id='word_1_253' title='bbox 584 3900 654 3954; x_wconf 86' lang='lat' dir='ltr'><strong>‘Aut</strong></span> <span class='ocrx_word' id='word_1_254' title='bbox 681 3900 771 3969; x_wconf 90' lang='lat' dir='ltr'><strong>pudor</strong></span> <span class='ocrx_word' id='word_1_255' title='bbox 797 3897 933 3954; x_wconf 80' lang='lat' dir='ltr'><strong>mendacii</strong></span> <span class='ocrx_word' id='word_1_256' title='bbox 960 3898 1086 3968; x_wconf 80' lang='lat' dir='ltr'><strong>ingenuis</strong></span> <span class='ocrx_word' id='word_1_257' title='bbox 1114 3900 1185 3970; x_wconf 81' lang='lat' dir='ltr'><strong>(est),</strong></span> <span class='ocrx_word' id='word_1_258' title='bbox 1212 3898 1284 3953; x_wconf 80' lang='lat' dir='ltr'><strong>aut’</strong></span> <span class='ocrx_word' id='word_1_259' title='bbox 1321 3899 1412 3954; x_wconf 78' lang='lat' dir='ltr'><strong>Aliter</strong></span> 
     </span>
     <span class='ocr_line' id='line_1_34' title="bbox 237 3987 1411 4058; baseline 0.001 -17"><span class='ocrx_word' id='word_1_260' title='bbox 237 3987 329 4043; x_wconf 87' lang='lat' dir='ltr'><strong>locum</strong></span> <span class='ocrx_word' id='word_1_261' title='bbox 348 3989 442 4057; x_wconf 58' lang='lat' dir='ltr'><strong>Peleu</strong></span> <span class='ocrx_word' id='word_1_262' title='bbox 461 3987 537 4044; x_wconf 89' lang='lat' dir='ltr'><strong>cuius</strong></span> <span class='ocrx_word' id='word_1_263' title='bbox 556 3987 586 4042; x_wconf 91' lang='lat' dir='ltr'><strong>in</strong></span> <span class='ocrx_word' id='word_1_264' title='bbox 604 3987 727 4044; x_wconf 88' lang='lat' dir='ltr'><strong>editione</strong></span> <span class='ocrx_word' id='word_1_265' title='bbox 746 3987 870 4058; x_wconf 84' lang='lat' dir='ltr'><strong>(london</strong></span> <span class='ocrx_word' id='word_1_266' title='bbox 885 3987 964 4058; x_wconf 80' lang='lat'>1872)</span> <span class='ocrx_word' id='word_1_267' title='bbox 982 4004 1093 4058; x_wconf 86' lang='lat' dir='ltr'><strong>perraro</strong></span> <span class='ocrx_word' id='word_1_268' title='bbox 1106 3987 1248 4042; x_wconf 87' lang='lat' dir='ltr'><strong>invenitur</strong></span> <span class='ocrx_word' id='word_1_269' title='bbox 1260 3987 1411 4058; x_wconf 89' lang='lat' dir='ltr'><strong>quidquam</strong></span> 
     </span>
     <span class='ocr_line' id='line_1_35' title="bbox 237 4075 1303 4147; baseline 0.003 -18"><span class='ocrx_word' id='word_1_270' title='bbox 237 4076 311 4144; x_wconf 89' lang='lat' dir='ltr'><strong>novi,</strong></span> <span class='ocrx_word' id='word_1_271' title='bbox 330 4076 469 4132; x_wconf 83' lang='lat' dir='ltr'><strong>intellexit</strong></span> <span class='ocrx_word' id='word_1_272' title='bbox 488 4079 558 4132; x_wconf 88' lang='lat' dir='ltr'><strong>‘Aut</strong></span> <span class='ocrx_word' id='word_1_273' title='bbox 575 4077 665 4147; x_wconf 90' lang='lat' dir='ltr'><strong>pudor</strong></span> <span class='ocrx_word' id='word_1_274' title='bbox 682 4076 748 4130; x_wconf 84' lang='lat' dir='ltr'><strong>talis</strong></span> <span class='ocrx_word' id='word_1_275' title='bbox 766 4077 876 4147; x_wconf 88' lang='lat' dir='ltr'><strong>(turpis)</strong></span> <span class='ocrx_word' id='word_1_276' title='bbox 895 4075 996 4130; x_wconf 83' lang='lat' dir='ltr'><strong>amoris</strong></span> <span class='ocrx_word' id='word_1_277' title='bbox 1015 4075 1143 4145; x_wconf 84' lang='lat' dir='ltr'><strong>ingenuis</strong></span> <span class='ocrx_word' id='word_1_278' title='bbox 1163 4079 1212 4142; x_wconf 86' lang='lat' dir='ltr'><strong>est,</strong></span> <span class='ocrx_word' id='word_1_279' title='bbox 1231 4077 1303 4132; x_wconf 83' lang='lat' dir='ltr'><strong>aut&#39;.</strong></span> 
     </span>
    </p>

    <p class='ocr_par' dir='ltr' id='par_1_9' title="bbox 327 4163 1412 4237">
     <span class='ocr_line' id='line_1_36' title="bbox 327 4163 1412 4237; baseline 0 -17"><span class='ocrx_word' id='word_1_280' title='bbox 327 4166 348 4237; x_wconf 58' lang='grc' dir='ltr'><strong>Ω)</strong></span> <span class='ocrx_word' id='word_1_281' title='bbox 375 4165 417 4220; x_wconf 91' lang='lat' dir='ltr'><strong>De</strong></span> <span class='ocrx_word' id='word_1_282' title='bbox 444 4166 506 4219; x_wconf 81' lang='lat' dir='ltr'><strong>altis</strong></span> <span class='ocrx_word' id='word_1_283' title='bbox 522 4165 627 4233; x_wconf 89' lang='lat' dir='ltr'><strong>verbis,</strong></span> <span class='ocrx_word' id='word_1_284' title='bbox 646 4183 763 4235; x_wconf 88' lang='lat' dir='ltr'><strong>quorum</strong></span> <span class='ocrx_word' id='word_1_285' title='bbox 781 4163 881 4219; x_wconf 86' lang='lat' dir='ltr'><strong>ultima</strong></span> <span class='ocrx_word' id='word_1_286' title='bbox 899 4165 1007 4234; x_wconf 81' lang='lat' dir='ltr'><strong>syllaba</strong></span> <span class='ocrx_word' id='word_1_287' title='bbox 1025 4164 1055 4218; x_wconf 92' lang='lat' dir='ltr'><strong>in</strong></span> <span class='ocrx_word' id='word_1_288' title='bbox 1073 4163 1126 4218; x_wconf 81' lang='lat' dir='ltr'><strong>hac</strong></span> <span class='ocrx_word' id='word_1_289' title='bbox 1144 4164 1312 4234; x_wconf 88' lang='lat' dir='ltr'><strong>pentametri</strong></span> <span class='ocrx_word' id='word_1_290' title='bbox 1330 4169 1412 4235; x_wconf 89' lang='lat' dir='ltr'><strong>parte</strong></span> 
     </span>
    </p>
   </div>
   <div class='ocr_carea' id='block_1_6' title="bbox 237 4253 1409 4414">
    <p class='ocr_par' dir='ltr' id='par_1_10' title="bbox 237 4253 1409 4414">
     <span class='ocr_line' id='line_1_37' title="bbox 237 4253 1161 4325; baseline -0.001 -16"><span class='ocrx_word' id='word_1_291' title='bbox 237 4256 372 4325; x_wconf 88' lang='lat' dir='ltr'><strong>producta</strong></span> <span class='ocrx_word' id='word_1_292' title='bbox 389 4257 515 4325; x_wconf 86' lang='lat' dir='ltr'><strong>apparet,</strong></span> <span class='ocrx_word' id='word_1_293' title='bbox 534 4258 564 4310; x_wconf 89' lang='lat' dir='ltr'><strong>te</strong></span> <span class='ocrx_word' id='word_1_294' title='bbox 583 4255 694 4310; x_wconf 88' lang='lat' dir='ltr'><strong>docebit</strong></span> <span class='ocrx_word' id='word_1_295' title='bbox 712 4253 836 4318; x_wconf 85' lang='lat' dir='ltr'><strong>Mueller,</strong></span> <span class='ocrx_word' id='word_1_296' title='bbox 855 4255 890 4308; x_wconf 86' lang='lat' dir='ltr'><strong>de</strong></span> <span class='ocrx_word' id='word_1_297' title='bbox 908 4271 938 4308; x_wconf 91' lang='lat' dir='ltr'><strong>re</strong></span> <span class='ocrx_word' id='word_1_298' title='bbox 955 4257 1035 4309; x_wconf 89' lang='lat' dir='ltr'><strong>metr.</strong></span> <span class='ocrx_word' id='word_1_299' title='bbox 1054 4273 1081 4324; x_wconf 89' lang='lat' dir='ltr'><strong>p.</strong></span> <span class='ocrx_word' id='word_1_300' title='bbox 1100 4253 1161 4308; x_wconf 88' lang='lat'><strong>331.</strong></span> 
     </span>
     <span class='ocr_line' id='line_1_38' title="bbox 327 4341 1409 4414; baseline 0 -16"><span class='ocrx_word' id='word_1_301' title='bbox 327 4345 347 4414; x_wconf 78' lang='lat'><strong>³)</strong></span> <span class='ocrx_word' id='word_1_302' title='bbox 366 4343 419 4399; x_wconf 79' lang='lat' dir='ltr'><strong>cfr.</strong></span> <span class='ocrx_word' id='word_1_303' title='bbox 438 4345 555 4411; x_wconf 88' lang='lat' dir='ltr'><strong>Vahlen,</strong></span> <span class='ocrx_word' id='word_1_304' title='bbox 574 4344 740 4399; x_wconf 89' lang='lat' dir='ltr'><strong>Monatsber.</strong></span> <span class='ocrx_word' id='word_1_305' title='bbox 760 4345 786 4399; x_wconf 91' lang='lat' dir='ltr'><strong>d.</strong></span> <span class='ocrx_word' id='word_1_306' title='bbox 806 4345 894 4399; x_wconf 82' lang='lat' dir='ltr'><strong>Akad.</strong></span> <span class='ocrx_word' id='word_1_307' title='bbox 915 4343 940 4398; x_wconf 92' lang='lat' dir='ltr'><strong>d.</strong></span> <span class='ocrx_word' id='word_1_308' title='bbox 953 4342 1036 4398; x_wconf 88' lang='lat' dir='ltr'><strong>Wiss.</strong></span> <span class='ocrx_word' id='word_1_309' title='bbox 1055 4361 1088 4396; x_wconf 82' lang='lat' dir='ltr'><strong>nu</strong></span> <span class='ocrx_word' id='word_1_310' title='bbox 1101 4342 1195 4398; x_wconf 89' lang='lat' dir='ltr'><strong>Berlin</strong></span> <span class='ocrx_word' id='word_1_311' title='bbox 1210 4341 1287 4401; x_wconf 82' lang='lat'><strong>1881.</strong></span> <span class='ocrx_word' id='word_1_312' title='bbox 1306 4362 1334 4414; x_wconf 88' lang='lat' dir='ltr'><strong>p.</strong></span> <span class='ocrx_word' id='word_1_313' title='bbox 1349 4345 1409 4400; x_wconf 79' lang='lat'><strong>337.</strong></span> 
     </span>
    </p>
   </div>
   <div class='ocr_carea' id='block_1_7' title="bbox 0 0 1586 5132">
    <p class='ocr_par' dir='ltr' id='par_1_11' title="bbox 0 0 1586 5132">
     <span class='ocr_line' id='line_1_39' title="bbox 0 0 1586 5132; baseline 0 0"><span class='ocrx_word' id='word_1_314' title='bbox 0 0 1586 5132; x_wconf 95' lang='lat' dir='ltr'><strong> </strong></span> 
     </span>
    </p>
   </div>
  </div>
 </body>
</html>
