3164 5132
646 375 867 434 ..17-

257 553 363 616 Porro
387 549 430 613 de
453 547 660 635 synaloepha
683 545 776 631 quod
798 545 879 629 dixi,
902 546 955 611 his
979 545 1230 614 demonstretur
1249 547 1340 613 locis.

168 661 270 746 Verg.
295 657 395 723 Geor.
419 656 436 720 I
460 663 523 720 225

150 748 152 754 ¹
256 764 373 831 ‘Multi
389 769 469 828 ante
485 783 640 826 occasum
655 760 934 848 Maiae-coepere,
958 759 1018 825 sed
1036 759 1114 826 illos
1134 760 1348 848 Exspectata

169 896 266 961 seges
291 923 321 939 ..
346 868 467 935 elusit’.
513 868 644 933 Contra
670 866 762 932 idem
789 873 891 954 poeta
917 865 1050 953 septies
1070 870 1119 932 ‘at
1147 866 1223 932 ille'*
1247 866 1340 934 dixit.

168 978 333 1046 Horatius
366 975 431 1041 etsi
461 975 499 1039 in
531 974 645 1038 satiris
678 981 712 1038 et
746 973 897 1060 epistolis
914 971 1000 1038 ‘fere
1033 977 1082 1038 ‘at
1113 973 1183 1039 ille’
1213 974 1340 1060 posuit,

170 1095 285 1152 tamen
306 1082 409 1148 habet
432 1081 501 1147 Sat.
525 1080 543 1144 1
568 1086 617 1164 10,
643 1087 684 1145 63

261 1189 392 1255 ‘Fuerit
417 1187 572 1252 Lucilius
597 1186 801 1252 ..limatior
825 1186 1042 1252 ..sedille'.
1090 1186 1160 1253 Sat.
1183 1185 1219 1250 Π
1242 1193 1270 1270 8,
1298 1194 1354 1253 79

259 1296 391 1361 ‘Nullos
414 1287 467 1358 his
489 1293 625 1358 mallem
648 1293 745 1358 ludos
769 1299 949 1380 spectasse,
970 1279 1033 1357 sed
1056 1292 1115 1357 illa
1156 1315 1159 1322 ·
1201 1323 1207 1338 ’-

257 1401 386 1485 Redde,
411 1423 481 1487 age,
506 1422 592 1485 quae
616 1399 775 1488 deinceps
798 1400 926 1464 risisti'.
1025 1439 1027 1445 ι

258 1510 345 1575 Tum
361 1507 512 1590 Ovidius,
537 1507 596 1592 qui
619 1507 705 1572 illud
726 1526 916 1594 pronomen
938 1528 1015 1571 oum
1032 1493 1153 1571 vocula
1176 1507 1236 1571 ‘at'
1262 1493 1357 1573 con·¹

170 1619 313 1704 iungere
336 1616 430 1698 solet,
454 1612 634 1716 ¹formulam
658 1613 735 1680 ‘sed
757 1613 827 1678 ille'
852 1612 1010 1678 adhibuit
1032 1635 1080 1679 vs.
1101 1613 1196 1696 Euat.
1219 1613 1255 1678 H
1277 1621 1341 1680 599

260 1723 379 1788 ‘Forte
401 1719 470 1786 fuit
492 1720 575 1804 nais,
598 1719 688 1785 Lara
711 1720 860 1802 nomine,
883 1720 993 1808 prima
1018 1718 1077 1784 sed
1100 1720 1152 1784 illi
1164 1720 1268 1786 Dicta
1289 1721 1343 1786 bis

171 1831 350 1914 antiquum
373 1826 504 1915 syllaba
527 1849 652 1892 nornen
676 1827 770 1891 erat’.
815 1827 973 1912 Denique
996 1849 1120 1910 omnes,
1145 1827 1205 1911 qui
1227 1826 1344 1892 Tibul·

172 1939 243 2002 lum
264 1935 352 2001 bene
374 1940 554 2017 noverunt,
578 1933 663 1997 mihi
686 1933 925 2016 assentientur,
948 1940 1085 2020 poetam
1108 1933 1196 1998 sicut
1219 1933 1340 2017 19,11
1374 1955 1377 1962 ’

228 2033 230 2039 ⁴
261 2040 471 2107 ‘Muneribus
494 2063 589 2105 meus
613 2047 664 2105 est
681 2047 800 2128 captus
820 2061 917 2128 puer,
941 2048 977 2104 at
1001 2040 1084 2105 deus
1107 2041 1166 2104 illa
1188 2040 1230 2104 In
1253 2040 1344 2105 cine·

173 2173 243 2216 rem
326 2149 463 2215 vertat’.
482 2155 485 2162 “
502 2147 684 2234 scripserit,
708 2147 757 2211 ita
779 2147 815 2211 H
840 2154 868 2230 6,
894 2154 933 2212 27

261 2257 357 2344 ‘Spes
379 2254 516 2320 facilem
539 2253 709 2318 Nemesim
732 2254 878 2341 spondet
900 2253 993 2336 mihi,
1017 2253 1077 2318 sed
1100 2260 1204 2340 negat
1227 2253 1307 2318 illa’.
1357 2319 1360 2326 ,

172 2365 381 2431 delectumm
404 2361 508 2427 fuisse
523 2361 688 2428 'voculam
712 2361 935 2444 ι11’,11111111
959 2360 1043 2426 ‘sed'
1067 2366 1217 2448 poneret,
1243 2383 1343 2446 syna-

170 2471 293 2560 loepha
316 2476 502 2535 commotus
527 2475 622 2533 esset.

230 2565 232 2571 Α
259 2577 365 2642 Vides
381 2575 490 2662 igitur
506 2574 661 2641 codicum
670 2575 769 2662 Prop.
781 2574 962 2640 lectionem
978 2581 1071 2639 recte
1083 2573 1247 2639 traditam
1263 2597 1342 2639 esse.

261 2692 290 2748 4.
322 2683 423 2770 Epici
444 2689 565 2771 poetae
588 2682 632 2747 ad
648 2681 915 2747 continuandam
938 2683 1126 2748 orationem
1140 2682 1344 2770 particulam

172 2791 231 2856 ‘at'
254 2790 354 2855 initio
375 2790 456 2855 libri
478 2795 665 2876 posuerunt
688 2788 803 2874 (Verg.
819 2787 904 2855 Aen.
928 2789 978 2854 IV
996 2795 1023 2854 1.
1059 2789 1119 2855 Ov.
1135 2788 1217 2854 Met.
1233 2788 1284 2854 IV
1301 2793 1342 2871 1).

171 2897 327 2962 Aliorum
350 2897 537 2963 carminum
560 2903 714 2961 auctores
736 2895 884 2981 primum
904 2895 1016 2959 locum
1031 2895 1172 2960 voculae
1188 2894 1240 2959 ‘at'
1264 2916 1343 2959 con-

172 3011 344 3069 cesserunt
366 3004 404 3067 in
426 3001 479 3067 his
503 3001 677 3089 exemplis:
719 3001 779 3067 Ov.
803 2999 879 3065 Am.
902 3001 957 3065 ΠΙ
982 3009 1009 3084 7,
1035 3007 1051 3066 1

261 3111 318 3175 ‘At
340 3132 410 3175 non
432 3107 579 3174 formosa
601 3115 661 3191 est,
685 3115 721 3172 at
744 3130 813 3173 non
835 3106 923 3173 bene
947 3108 1039 3173 culta
1061 3107 1181 3194 puella,

259 3215 316 3300 At,
340 3223 433 3304 puto,
456 3237 526 3280 non
548 3215 638 3279 votis
662 3235 761 3300 saepe
783 3214 894 3302 petita
916 3214 1031 3280 meis?'
1241 3207 1244 3214 ⁴

258 3325 340 3389 Hor.
356 3323 419 3410 Ep.
438 3328 500 3405 5,1
527 3319 584 3386 ‘At
607 3343 626 3386 o
643 3320 783 3386 deorum
807 3320 975 3406 quidquid
997 3322 1035 3386 in
1058 3321 1151 3386 coelo
1174 3321 1266 3408 regit
1282 3373 1289 3388 .
1306 3321 1341 3384 .‘?'

259 3431 369 3517 Priap.
388 3436 438 3513 80,
457 3436 484 3493 1.
510 3436 560 3513 78,
579 3436 594 3492 1
622 3426 679 3492 ‘At
694 3426 731 3491 di
747 3479 771 3491 ..
796 3428 955 3493 dentibus
972 3429 1041 3493 tuis
1060 3450 1169 3493 escam
1183 3428 1342 3514 Negent!‘

260 3536 391 3613 Quibus
407 3535 594 3601 enuntiatis
609 3535 707 3599 lectis
730 3557 791 3600 nos
815 3542 951 3622 apoeta
966 3535 1189 3600 admiratione
1211 3535 1269 3600 vel
1286 3529 1342 3598 Ι111-

171 3643 370 3730 dignatione
394 3648 562 3707 commote
586 3643 623 3705 in
650 3641 761 3706 media
785 3664 821 3706 re
849 3641 962 3707 subito
986 3643 1150 3730 repositos
1174 3663 1348 3706 11111111--

170 3751 293 3816 tiemus
322 3757 424 3834 atque
447 3747 681 3814 coniunctioni
705 3747 769 3812 ‘At'
794 3749 991 3812 acerrimam
1013 3748 1085 3814 vim
1108 3747 1342 3813 attribuemus.

169 3855 226 3922 Ab
249 3857 369 3922 eodem
394 3853 561 3921 vocabulo
588 3859 706 3940 poetas
735 3855 884 3941 coepisse
913 3855 1067 3940 quietum
1094 3841 1237 3919 carmen
1252 3875 1341 3918 com·

169 3963 274 4050 periri
304 3970 430 4050 posset,
461 3962 529 4026 nisi
552 3959 727 4026 Vahlenus
759 3961 853 4026 aliud
883 3961 1055 4026 distichon
1087 3968 1166 4026 ante
1200 3983 1249 4026 vs.
1279 3960 1342 4026 Ov.

169 4070 251 4134 Her.
274 4068 388 4133 XIII
660 4079 661 4084 ’

281 4175 339 4238 ‘At
361 4173 427 4239 tibi
450 4173 654 4240 Colchorum
731 4171 870 4245 memini
894 4225 923 4240 ..
947 4175 1066 4261 regina
1089 4173 1230 4238 vacavi'.
1294 4219 1306 4224 ..
1362 4197 1364 4202 ·

172 4283 334 4349 excidisse
361 4282 537 4346 statuisset
563 4280 603 4344 in
628 4279 757 4364 libello,
783 4281 850 4366 ‘qui
877 4281 1082 4347 inscribitur
1101 4279 1157 4345 die
1179 4271 1342 4366 Anlange

171 4387 231 4453 der
252 4389 428 4455 Heroiden
458 4411 490 4476 p.
508 4395 535 4452 9.
582 4385 711 4462 01111
734 4387 940 4475 Sedlmayer,
963 4387 1045 4454 Her.
1080 4393 1175 4454 1886.

1112 4485 1129 4538 2
